%% This BibTeX bibliography file was created using BibDesk.
%% http://bibdesk.sourceforge.net/


%% Created for Andy Kee at 2013-08-15 21:07:31 -0700 


%% Saved with string encoding Unicode (UTF-8) 



@article{sikiric2008control,
	Author = {Sikiric, Vedran},
	Date-Added = {2013-08-16 04:07:27 +0000},
	Date-Modified = {2013-08-16 04:07:27 +0000},
	Journal = {Royal Institute of Technology, Stockholm, Sweden},
	Title = {Control of quadrocopter},
	Year = {2008},
	Bdsk-File-1 = {YnBsaXN0MDDUAQIDBAUGJCVYJHZlcnNpb25YJG9iamVjdHNZJGFyY2hpdmVyVCR0b3ASAAGGoKgHCBMUFRYaIVUkbnVsbNMJCgsMDxJXTlMua2V5c1pOUy5vYmplY3RzViRjbGFzc6INDoACgAOiEBGABIAFgAdccmVsYXRpdmVQYXRoWWFsaWFzRGF0YV8QEFNpa2lyaWNfMjAwOC5wZGbSFwsYGVdOUy5kYXRhTxEBzAAAAAABzAACAAALTWFjQm9vayBQcm8AAAAAAAAAAAAAAAAAAAAAyNlATUgrAAAJWOM/EFNpa2lyaWNfMjAwOC5wZGYAAAAAAAAAAAAAAAAAAAAAAAAAAAAAAAAAAAAAAAAAAAAAAAAAAAAAAAAAAAAAAASHjvLLXaa1AAAAAAAAAAAAAQACAAAJIAAAAAAAAAAAAAAAAAAAAAZwYXBlcnMAEAAIAADI2aK9AAAAEQAIAADLXhc1AAAAAQAcCVjjPwlTOYoJUzmBAgROVQH9UHsB/BM+AACTJQACAFZNYWNCb29rIFBybzpVc2VyczoAYWtlZToAU2Nob29sOgBVQ0xBOgAwMCB0aGVzaXM6AHVjbGF0aGVzaXM6AHBhcGVyczoAU2lraXJpY18yMDA4LnBkZgAOACIAEABTAGkAawBpAHIAaQBjAF8AMgAwADAAOAAuAHAAZABmAA8AGAALAE0AYQBjAEIAbwBvAGsAIABQAHIAbwASAENVc2Vycy9ha2VlL1NjaG9vbC9VQ0xBLzAwIHRoZXNpcy91Y2xhdGhlc2lzL3BhcGVycy9TaWtpcmljXzIwMDgucGRmAAATAAEvAAAVAAIAC///AACABtIbHB0eWiRjbGFzc25hbWVYJGNsYXNzZXNdTlNNdXRhYmxlRGF0YaMdHyBWTlNEYXRhWE5TT2JqZWN00hscIiNcTlNEaWN0aW9uYXJ5oiIgXxAPTlNLZXllZEFyY2hpdmVy0SYnVHJvb3SAAQAIABEAGgAjAC0AMgA3AEAARgBNAFUAYABnAGoAbABuAHEAcwB1AHcAhACOAKEApgCuAn4CgAKFApACmQKnAqsCsgK7AsACzQLQAuIC5QLqAAAAAAAAAgEAAAAAAAAAKAAAAAAAAAAAAAAAAAAAAuw=}}

@article{qin2006overview,
	Author = {Qin, S Joe},
	Date-Added = {2013-08-16 04:06:57 +0000},
	Date-Modified = {2013-08-16 04:06:57 +0000},
	Journal = {Computers \& chemical engineering},
	Number = {10},
	Pages = {1502--1513},
	Publisher = {Elsevier},
	Title = {An overview of subspace identification},
	Volume = {30},
	Year = {2006},
	Bdsk-File-1 = {YnBsaXN0MDDUAQIDBAUGJCVYJHZlcnNpb25YJG9iamVjdHNZJGFyY2hpdmVyVCR0b3ASAAGGoKgHCBMUFRYaIVUkbnVsbNMJCgsMDxJXTlMua2V5c1pOUy5vYmplY3RzViRjbGFzc6INDoACgAOiEBGABIAFgAdccmVsYXRpdmVQYXRoWWFsaWFzRGF0YVxRaW5fMjAwNi5wZGbSFwsYGVdOUy5kYXRhTxEBvAAAAAABvAACAAALTWFjQm9vayBQcm8AAAAAAAAAAAAAAAAAAAAAyNlATUgrAAAJWOM/DFFpbl8yMDA2LnBkZgAAAAAAAAAAAAAAAAAAAAAAAAAAAAAAAAAAAAAAAAAAAAAAAAAAAAAAAAAAAAAAAAAAAAlYwa/OMBx+AAAAAAAAAAAAAQACAAAJIAAAAAAAAAAAAAAAAAAAAAZwYXBlcnMAEAAIAADI2aK9AAAAEQAIAADOMH7uAAAAAQAcCVjjPwlTOYoJUzmBAgROVQH9UHsB/BM+AACTJQACAFJNYWNCb29rIFBybzpVc2VyczoAYWtlZToAU2Nob29sOgBVQ0xBOgAwMCB0aGVzaXM6AHVjbGF0aGVzaXM6AHBhcGVyczoAUWluXzIwMDYucGRmAA4AGgAMAFEAaQBuAF8AMgAwADAANgAuAHAAZABmAA8AGAALAE0AYQBjAEIAbwBvAGsAIABQAHIAbwASAD9Vc2Vycy9ha2VlL1NjaG9vbC9VQ0xBLzAwIHRoZXNpcy91Y2xhdGhlc2lzL3BhcGVycy9RaW5fMjAwNi5wZGYAABMAAS8AABUAAgAL//8AAIAG0hscHR5aJGNsYXNzbmFtZVgkY2xhc3Nlc11OU011dGFibGVEYXRhox0fIFZOU0RhdGFYTlNPYmplY3TSGxwiI1xOU0RpY3Rpb25hcnmiIiBfEA9OU0tleWVkQXJjaGl2ZXLRJidUcm9vdIABAAgAEQAaACMALQAyADcAQABGAE0AVQBgAGcAagBsAG4AcQBzAHUAdwCEAI4AmwCgAKgCaAJqAm8CegKDApEClQKcAqUCqgK3AroCzALPAtQAAAAAAAACAQAAAAAAAAAoAAAAAAAAAAAAAAAAAAAC1g==}}

@inproceedings{pounds2006modelling,
	Author = {Pounds, Paul and Mahony, Robert and Corke, Peter},
	Booktitle = {Proceedings Australasian Conference on Robotics and Automation 2006},
	Date-Added = {2013-08-16 04:06:28 +0000},
	Date-Modified = {2013-08-16 04:06:28 +0000},
	Organization = {Australian Robotics and Automation Association Inc.},
	Title = {Modelling and control of a quad-rotor robot},
	Year = {2006},
	Bdsk-File-1 = {YnBsaXN0MDDUAQIDBAUGJCVYJHZlcnNpb25YJG9iamVjdHNZJGFyY2hpdmVyVCR0b3ASAAGGoKgHCBMUFRYaIVUkbnVsbNMJCgsMDxJXTlMua2V5c1pOUy5vYmplY3RzViRjbGFzc6INDoACgAOiEBGABIAFgAdccmVsYXRpdmVQYXRoWWFsaWFzRGF0YV8QD1BvdW5kc18yMDA2LnBkZtIXCxgZV05TLmRhdGFPEQHIAAAAAAHIAAIAAAtNYWNCb29rIFBybwAAAAAAAAAAAAAAAAAAAADI2UBNSCsAAAlY4z8PUG91bmRzXzIwMDYucGRmAAAAAAAAAAAAAAAAAAAAAAAAAAAAAAAAAAAAAAAAAAAAAAAAAAAAAAAAAAAAAAAABIeO9Mtq1AkAAAAAAAAAAAABAAIAAAkgAAAAAAAAAAAAAAAAAAAABnBhcGVycwAQAAgAAMjZor0AAAARAAgAAMtrRIkAAAABABwJWOM/CVM5iglTOYECBE5VAf1QewH8Ez4AAJMlAAIAVU1hY0Jvb2sgUHJvOlVzZXJzOgBha2VlOgBTY2hvb2w6AFVDTEE6ADAwIHRoZXNpczoAdWNsYXRoZXNpczoAcGFwZXJzOgBQb3VuZHNfMjAwNi5wZGYAAA4AIAAPAFAAbwB1AG4AZABzAF8AMgAwADAANgAuAHAAZABmAA8AGAALAE0AYQBjAEIAbwBvAGsAIABQAHIAbwASAEJVc2Vycy9ha2VlL1NjaG9vbC9VQ0xBLzAwIHRoZXNpcy91Y2xhdGhlc2lzL3BhcGVycy9Qb3VuZHNfMjAwNi5wZGYAEwABLwAAFQACAAv//wAAgAbSGxwdHlokY2xhc3NuYW1lWCRjbGFzc2VzXU5TTXV0YWJsZURhdGGjHR8gVk5TRGF0YVhOU09iamVjdNIbHCIjXE5TRGljdGlvbmFyeaIiIF8QD05TS2V5ZWRBcmNoaXZlctEmJ1Ryb290gAEACAARABoAIwAtADIANwBAAEYATQBVAGAAZwBqAGwAbgBxAHMAdQB3AIQAjgCgAKUArQJ5AnsCgAKLApQCogKmAq0CtgK7AsgCywLdAuAC5QAAAAAAAAIBAAAAAAAAACgAAAAAAAAAAAAAAAAAAALn}}

@article{klavins2010quad,
	Author = {Klavins, Eric and Matlack, Charlie and Palm, Justin and Nelson, Andrew and Bradford, Andy},
	Date-Added = {2013-08-16 04:06:09 +0000},
	Date-Modified = {2013-08-16 04:06:09 +0000},
	Title = {Quad-Rotor UAV project},
	Year = {2010},
	Bdsk-File-1 = {YnBsaXN0MDDUAQIDBAUGJCVYJHZlcnNpb25YJG9iamVjdHNZJGFyY2hpdmVyVCR0b3ASAAGGoKgHCBMUFRYaIVUkbnVsbNMJCgsMDxJXTlMua2V5c1pOUy5vYmplY3RzViRjbGFzc6INDoACgAOiEBGABIAFgAdccmVsYXRpdmVQYXRoWWFsaWFzRGF0YV8QEEtsYXZpbnNfMjAxMC5wZGbSFwsYGVdOUy5kYXRhTxEBzAAAAAABzAACAAALTWFjQm9vayBQcm8AAAAAAAAAAAAAAAAAAAAAyNlATUgrAAAJWOM/EEtsYXZpbnNfMjAxMC5wZGYAAAAAAAAAAAAAAAAAAAAAAAAAAAAAAAAAAAAAAAAAAAAAAAAAAAAAAAAAAAAAAASHjv3LjWhiAAAAAAAAAAAAAQACAAAJIAAAAAAAAAAAAAAAAAAAAAZwYXBlcnMAEAAIAADI2aK9AAAAEQAIAADLjcrSAAAAAQAcCVjjPwlTOYoJUzmBAgROVQH9UHsB/BM+AACTJQACAFZNYWNCb29rIFBybzpVc2VyczoAYWtlZToAU2Nob29sOgBVQ0xBOgAwMCB0aGVzaXM6AHVjbGF0aGVzaXM6AHBhcGVyczoAS2xhdmluc18yMDEwLnBkZgAOACIAEABLAGwAYQB2AGkAbgBzAF8AMgAwADEAMAAuAHAAZABmAA8AGAALAE0AYQBjAEIAbwBvAGsAIABQAHIAbwASAENVc2Vycy9ha2VlL1NjaG9vbC9VQ0xBLzAwIHRoZXNpcy91Y2xhdGhlc2lzL3BhcGVycy9LbGF2aW5zXzIwMTAucGRmAAATAAEvAAAVAAIAC///AACABtIbHB0eWiRjbGFzc25hbWVYJGNsYXNzZXNdTlNNdXRhYmxlRGF0YaMdHyBWTlNEYXRhWE5TT2JqZWN00hscIiNcTlNEaWN0aW9uYXJ5oiIgXxAPTlNLZXllZEFyY2hpdmVy0SYnVHJvb3SAAQAIABEAGgAjAC0AMgA3AEAARgBNAFUAYABnAGoAbABuAHEAcwB1AHcAhACOAKEApgCuAn4CgAKFApACmQKnAqsCsgK7AsACzQLQAuIC5QLqAAAAAAAAAgEAAAAAAAAAKAAAAAAAAAAAAAAAAAAAAuw=}}

@article{michael2010grasp,
	Author = {Michael, Nathan and Mellinger, Daniel and Lindsey, Quentin and Kumar, Vijay},
	Date-Added = {2013-08-16 03:56:53 +0000},
	Date-Modified = {2013-08-16 03:56:53 +0000},
	Journal = {Robotics \& Automation Magazine, IEEE},
	Number = {3},
	Pages = {56--65},
	Publisher = {IEEE},
	Title = {The grasp multiple micro-uav testbed},
	Volume = {17},
	Year = {2010},
	Bdsk-File-1 = {YnBsaXN0MDDUAQIDBAUGJCVYJHZlcnNpb25YJG9iamVjdHNZJGFyY2hpdmVyVCR0b3ASAAGGoKgHCBMUFRYaIVUkbnVsbNMJCgsMDxJXTlMua2V5c1pOUy5vYmplY3RzViRjbGFzc6INDoACgAOiEBGABIAFgAdccmVsYXRpdmVQYXRoWWFsaWFzRGF0YV8QEE1pY2hhZWxfMjAxMC5wZGbSFwsYGVdOUy5kYXRhTxEBzAAAAAABzAACAAALTWFjQm9vayBQcm8AAAAAAAAAAAAAAAAAAAAAyNlATUgrAAAJWOM/EE1pY2hhZWxfMjAxMC5wZGYAAAAAAAAAAAAAAAAAAAAAAAAAAAAAAAAAAAAAAAAAAAAAAAAAAAAAAAAAAAAAAASHjwjLXwfHAAAAAAAAAAAAAQACAAAJIAAAAAAAAAAAAAAAAAAAAAZwYXBlcnMAEAAIAADI2aK9AAAAEQAIAADLX3hHAAAAAQAcCVjjPwlTOYoJUzmBAgROVQH9UHsB/BM+AACTJQACAFZNYWNCb29rIFBybzpVc2VyczoAYWtlZToAU2Nob29sOgBVQ0xBOgAwMCB0aGVzaXM6AHVjbGF0aGVzaXM6AHBhcGVyczoATWljaGFlbF8yMDEwLnBkZgAOACIAEABNAGkAYwBoAGEAZQBsAF8AMgAwADEAMAAuAHAAZABmAA8AGAALAE0AYQBjAEIAbwBvAGsAIABQAHIAbwASAENVc2Vycy9ha2VlL1NjaG9vbC9VQ0xBLzAwIHRoZXNpcy91Y2xhdGhlc2lzL3BhcGVycy9NaWNoYWVsXzIwMTAucGRmAAATAAEvAAAVAAIAC///AACABtIbHB0eWiRjbGFzc25hbWVYJGNsYXNzZXNdTlNNdXRhYmxlRGF0YaMdHyBWTlNEYXRhWE5TT2JqZWN00hscIiNcTlNEaWN0aW9uYXJ5oiIgXxAPTlNLZXllZEFyY2hpdmVy0SYnVHJvb3SAAQAIABEAGgAjAC0AMgA3AEAARgBNAFUAYABnAGoAbABuAHEAcwB1AHcAhACOAKEApgCuAn4CgAKFApACmQKnAqsCsgK7AsACzQLQAuIC5QLqAAAAAAAAAgEAAAAAAAAAKAAAAAAAAAAAAAAAAAAAAuw=}}

@article{di2003subspace,
	Author = {Di Ruscio, David},
	Date-Added = {2013-08-16 03:56:29 +0000},
	Date-Modified = {2013-08-16 03:56:29 +0000},
	Journal = {Modeling, identification and control},
	Number = {3},
	Pages = {125--157},
	Publisher = {Research Council of Norway},
	Title = {Subspace system identification of the Kalman filter},
	Volume = {24},
	Year = {2003},
	Bdsk-File-1 = {YnBsaXN0MDDUAQIDBAUGJCVYJHZlcnNpb25YJG9iamVjdHNZJGFyY2hpdmVyVCR0b3ASAAGGoKgHCBMUFRYaIVUkbnVsbNMJCgsMDxJXTlMua2V5c1pOUy5vYmplY3RzViRjbGFzc6INDoACgAOiEBGABIAFgAdccmVsYXRpdmVQYXRoWWFsaWFzRGF0YV8QEkRpIFJ1c2Npb18yMDAzLnBkZtIXCxgZV05TLmRhdGFPEQHUAAAAAAHUAAIAAAtNYWNCb29rIFBybwAAAAAAAAAAAAAAAAAAAADI2UBNSCsAAAlY4z8SRGkgUnVzY2lvXzIwMDMucGRmAAAAAAAAAAAAAAAAAAAAAAAAAAAAAAAAAAAAAAAAAAAAAAAAAAAAAAAAAAAACVjB9M4wHNsAAAAAAAAAAAABAAIAAAkgAAAAAAAAAAAAAAAAAAAABnBhcGVycwAQAAgAAMjZor0AAAARAAgAAM4wf0sAAAABABwJWOM/CVM5iglTOYECBE5VAf1QewH8Ez4AAJMlAAIAWE1hY0Jvb2sgUHJvOlVzZXJzOgBha2VlOgBTY2hvb2w6AFVDTEE6ADAwIHRoZXNpczoAdWNsYXRoZXNpczoAcGFwZXJzOgBEaSBSdXNjaW9fMjAwMy5wZGYADgAmABIARABpACAAUgB1AHMAYwBpAG8AXwAyADAAMAAzAC4AcABkAGYADwAYAAsATQBhAGMAQgBvAG8AawAgAFAAcgBvABIARVVzZXJzL2FrZWUvU2Nob29sL1VDTEEvMDAgdGhlc2lzL3VjbGF0aGVzaXMvcGFwZXJzL0RpIFJ1c2Npb18yMDAzLnBkZgAAEwABLwAAFQACAAv//wAAgAbSGxwdHlokY2xhc3NuYW1lWCRjbGFzc2VzXU5TTXV0YWJsZURhdGGjHR8gVk5TRGF0YVhOU09iamVjdNIbHCIjXE5TRGljdGlvbmFyeaIiIF8QD05TS2V5ZWRBcmNoaXZlctEmJ1Ryb290gAEACAARABoAIwAtADIANwBAAEYATQBVAGAAZwBqAGwAbgBxAHMAdQB3AIQAjgCjAKgAsAKIAooCjwKaAqMCsQK1ArwCxQLKAtcC2gLsAu8C9AAAAAAAAAIBAAAAAAAAACgAAAAAAAAAAAAAAAAAAAL2}}

@book{mettler2000system,
	Author = {Mettler, Bernard and Kanade, Takeo and Tischler, Mark Brian},
	Date-Added = {2013-08-16 03:55:39 +0000},
	Date-Modified = {2013-08-16 03:55:39 +0000},
	Publisher = {Carnegie Mellon University, The Robotics Institute},
	Title = {System identification modeling of a model-scale helicopter},
	Year = {2000},
	Bdsk-File-1 = {YnBsaXN0MDDUAQIDBAUGJCVYJHZlcnNpb25YJG9iamVjdHNZJGFyY2hpdmVyVCR0b3ASAAGGoKgHCBMUFRYaIVUkbnVsbNMJCgsMDxJXTlMua2V5c1pOUy5vYmplY3RzViRjbGFzc6INDoACgAOiEBGABIAFgAdccmVsYXRpdmVQYXRoWWFsaWFzRGF0YV8QEE1ldHRsZXJfMjAwMC5wZGbSFwsYGVdOUy5kYXRhTxEBzAAAAAABzAACAAALTWFjQm9vayBQcm8AAAAAAAAAAAAAAAAAAAAAyNlATUgrAAAJWOM/EE1ldHRsZXJfMjAwMC5wZGYAAAAAAAAAAAAAAAAAAAAAAAAAAAAAAAAAAAAAAAAAAAAAAAAAAAAAAAAAAAAAAAlYwk/OMB0pAAAAAAAAAAAAAQACAAAJIAAAAAAAAAAAAAAAAAAAAAZwYXBlcnMAEAAIAADI2aK9AAAAEQAIAADOMH+ZAAAAAQAcCVjjPwlTOYoJUzmBAgROVQH9UHsB/BM+AACTJQACAFZNYWNCb29rIFBybzpVc2VyczoAYWtlZToAU2Nob29sOgBVQ0xBOgAwMCB0aGVzaXM6AHVjbGF0aGVzaXM6AHBhcGVyczoATWV0dGxlcl8yMDAwLnBkZgAOACIAEABNAGUAdAB0AGwAZQByAF8AMgAwADAAMAAuAHAAZABmAA8AGAALAE0AYQBjAEIAbwBvAGsAIABQAHIAbwASAENVc2Vycy9ha2VlL1NjaG9vbC9VQ0xBLzAwIHRoZXNpcy91Y2xhdGhlc2lzL3BhcGVycy9NZXR0bGVyXzIwMDAucGRmAAATAAEvAAAVAAIAC///AACABtIbHB0eWiRjbGFzc25hbWVYJGNsYXNzZXNdTlNNdXRhYmxlRGF0YaMdHyBWTlNEYXRhWE5TT2JqZWN00hscIiNcTlNEaWN0aW9uYXJ5oiIgXxAPTlNLZXllZEFyY2hpdmVy0SYnVHJvb3SAAQAIABEAGgAjAC0AMgA3AEAARgBNAFUAYABnAGoAbABuAHEAcwB1AHcAhACOAKEApgCuAn4CgAKFApACmQKnAqsCsgK7AsACzQLQAuIC5QLqAAAAAAAAAgEAAAAAAAAAKAAAAAAAAAAAAAAAAAAAAuw=}}

@inproceedings{mellinger2010control,
	Author = {Mellinger, Daniel and Shomin, Michael and Kumar, Vijay},
	Booktitle = {Proc. Int. Powered Lift Conf},
	Date-Added = {2013-08-16 03:54:56 +0000},
	Date-Modified = {2013-08-16 03:54:56 +0000},
	Pages = {119--126},
	Title = {Control of quadrotors for robust perching and landing},
	Year = {2010},
	Bdsk-File-1 = {YnBsaXN0MDDUAQIDBAUGJCVYJHZlcnNpb25YJG9iamVjdHNZJGFyY2hpdmVyVCR0b3ASAAGGoKgHCBMUFRYaIVUkbnVsbNMJCgsMDxJXTlMua2V5c1pOUy5vYmplY3RzViRjbGFzc6INDoACgAOiEBGABIAFgAdccmVsYXRpdmVQYXRoWWFsaWFzRGF0YV8QEk1lbGxpbmdlcl8yMDEwLnBkZtIXCxgZV05TLmRhdGFPEQHUAAAAAAHUAAIAAAtNYWNCb29rIFBybwAAAAAAAAAAAAAAAAAAAADI2UBNSCsAAAlY4z8STWVsbGluZ2VyXzIwMTAucGRmAAAAAAAAAAAAAAAAAAAAAAAAAAAAAAAAAAAAAAAAAAAAAAAAAAAAAAAAAAAABIeO4MtfB4QAAAAAAAAAAAABAAIAAAkgAAAAAAAAAAAAAAAAAAAABnBhcGVycwAQAAgAAMjZor0AAAARAAgAAMtfeAQAAAABABwJWOM/CVM5iglTOYECBE5VAf1QewH8Ez4AAJMlAAIAWE1hY0Jvb2sgUHJvOlVzZXJzOgBha2VlOgBTY2hvb2w6AFVDTEE6ADAwIHRoZXNpczoAdWNsYXRoZXNpczoAcGFwZXJzOgBNZWxsaW5nZXJfMjAxMC5wZGYADgAmABIATQBlAGwAbABpAG4AZwBlAHIAXwAyADAAMQAwAC4AcABkAGYADwAYAAsATQBhAGMAQgBvAG8AawAgAFAAcgBvABIARVVzZXJzL2FrZWUvU2Nob29sL1VDTEEvMDAgdGhlc2lzL3VjbGF0aGVzaXMvcGFwZXJzL01lbGxpbmdlcl8yMDEwLnBkZgAAEwABLwAAFQACAAv//wAAgAbSGxwdHlokY2xhc3NuYW1lWCRjbGFzc2VzXU5TTXV0YWJsZURhdGGjHR8gVk5TRGF0YVhOU09iamVjdNIbHCIjXE5TRGljdGlvbmFyeaIiIF8QD05TS2V5ZWRBcmNoaXZlctEmJ1Ryb290gAEACAARABoAIwAtADIANwBAAEYATQBVAGAAZwBqAGwAbgBxAHMAdQB3AIQAjgCjAKgAsAKIAooCjwKaAqMCsQK1ArwCxQLKAtcC2gLsAu8C9AAAAAAAAAIBAAAAAAAAACgAAAAAAAAAAAAAAAAAAAL2}}

@mastersthesis{chamberlain2011system,
	Author = {Caleb Chamberlain},
	Date-Added = {2013-08-16 03:53:08 +0000},
	Date-Modified = {2013-08-16 03:54:04 +0000},
	Keywords = {thesis},
	Month = {April},
	School = {Brigham Young University},
	Title = {System Identification, State Estimation, and Control of Unmanned Aerial Robots},
	Year = {2011},
	Bdsk-File-1 = {YnBsaXN0MDDUAQIDBAUGJCVYJHZlcnNpb25YJG9iamVjdHNZJGFyY2hpdmVyVCR0b3ASAAGGoKgHCBMUFRYaIVUkbnVsbNMJCgsMDxJXTlMua2V5c1pOUy5vYmplY3RzViRjbGFzc6INDoACgAOiEBGABIAFgAdccmVsYXRpdmVQYXRoWWFsaWFzRGF0YV8QFENoYW1iZXJsYWluXzIwMTEucGRm0hcLGBlXTlMuZGF0YU8RAdwAAAAAAdwAAgAAC01hY0Jvb2sgUHJvAAAAAAAAAAAAAAAAAAAAAMjZQE1IKwAACVjjPxRDaGFtYmVybGFpbl8yMDExLnBkZgAAAAAAAAAAAAAAAAAAAAAAAAAAAAAAAAAAAAAAAAAAAAAAAAAAAAAAAAAJWMJTzjAdKQAAAAAAAAAAAAEAAgAACSAAAAAAAAAAAAAAAAAAAAAGcGFwZXJzABAACAAAyNmivQAAABEACAAAzjB/mQAAAAEAHAlY4z8JUzmKCVM5gQIETlUB/VB7AfwTPgAAkyUAAgBaTWFjQm9vayBQcm86VXNlcnM6AGFrZWU6AFNjaG9vbDoAVUNMQToAMDAgdGhlc2lzOgB1Y2xhdGhlc2lzOgBwYXBlcnM6AENoYW1iZXJsYWluXzIwMTEucGRmAA4AKgAUAEMAaABhAG0AYgBlAHIAbABhAGkAbgBfADIAMAAxADEALgBwAGQAZgAPABgACwBNAGEAYwBCAG8AbwBrACAAUAByAG8AEgBHVXNlcnMvYWtlZS9TY2hvb2wvVUNMQS8wMCB0aGVzaXMvdWNsYXRoZXNpcy9wYXBlcnMvQ2hhbWJlcmxhaW5fMjAxMS5wZGYAABMAAS8AABUAAgAL//8AAIAG0hscHR5aJGNsYXNzbmFtZVgkY2xhc3Nlc11OU011dGFibGVEYXRhox0fIFZOU0RhdGFYTlNPYmplY3TSGxwiI1xOU0RpY3Rpb25hcnmiIiBfEA9OU0tleWVkQXJjaGl2ZXLRJidUcm9vdIABAAgAEQAaACMALQAyADcAQABGAE0AVQBgAGcAagBsAG4AcQBzAHUAdwCEAI4ApQCqALICkgKUApkCpAKtArsCvwLGAs8C1ALhAuQC9gL5Av4AAAAAAAACAQAAAAAAAAAoAAAAAAAAAAAAAAAAAAADAA==}}

@article{forssell1999closed,
	Author = {Forssell, Urban},
	Date-Added = {2013-08-16 03:51:46 +0000},
	Date-Modified = {2013-08-16 03:51:46 +0000},
	Journal = {LINKOPING STUDIES IN SCIENCE AND TECHNOLOGY-DISSERTATIONS-},
	Publisher = {LINKOEPING UNIVERSITY},
	Title = {Closed-loop identification methods, theory, and applications},
	Year = {1999},
	Bdsk-File-1 = {YnBsaXN0MDDUAQIDBAUGJCVYJHZlcnNpb25YJG9iamVjdHNZJGFyY2hpdmVyVCR0b3ASAAGGoKgHCBMUFRYaIVUkbnVsbNMJCgsMDxJXTlMua2V5c1pOUy5vYmplY3RzViRjbGFzc6INDoACgAOiEBGABIAFgAdccmVsYXRpdmVQYXRoWWFsaWFzRGF0YV8QEUZvcnNzZWxsXzE5OTkucGRm0hcLGBlXTlMuZGF0YU8RAdAAAAAAAdAAAgAAC01hY0Jvb2sgUHJvAAAAAAAAAAAAAAAAAAAAAMjZQE1IKwAACVjjPxFGb3Jzc2VsbF8xOTk5LnBkZgAAAAAAAAAAAAAAAAAAAAAAAAAAAAAAAAAAAAAAAAAAAAAAAAAAAAAAAAAAAAAJWMIWzjAdCQAAAAAAAAAAAAEAAgAACSAAAAAAAAAAAAAAAAAAAAAGcGFwZXJzABAACAAAyNmivQAAABEACAAAzjB/eQAAAAEAHAlY4z8JUzmKCVM5gQIETlUB/VB7AfwTPgAAkyUAAgBXTWFjQm9vayBQcm86VXNlcnM6AGFrZWU6AFNjaG9vbDoAVUNMQToAMDAgdGhlc2lzOgB1Y2xhdGhlc2lzOgBwYXBlcnM6AEZvcnNzZWxsXzE5OTkucGRmAAAOACQAEQBGAG8AcgBzAHMAZQBsAGwAXwAxADkAOQA5AC4AcABkAGYADwAYAAsATQBhAGMAQgBvAG8AawAgAFAAcgBvABIARFVzZXJzL2FrZWUvU2Nob29sL1VDTEEvMDAgdGhlc2lzL3VjbGF0aGVzaXMvcGFwZXJzL0ZvcnNzZWxsXzE5OTkucGRmABMAAS8AABUAAgAL//8AAIAG0hscHR5aJGNsYXNzbmFtZVgkY2xhc3Nlc11OU011dGFibGVEYXRhox0fIFZOU0RhdGFYTlNPYmplY3TSGxwiI1xOU0RpY3Rpb25hcnmiIiBfEA9OU0tleWVkQXJjaGl2ZXLRJidUcm9vdIABAAgAEQAaACMALQAyADcAQABGAE0AVQBgAGcAagBsAG4AcQBzAHUAdwCEAI4AogCnAK8CgwKFAooClQKeAqwCsAK3AsACxQLSAtUC5wLqAu8AAAAAAAACAQAAAAAAAAAoAAAAAAAAAAAAAAAAAAAC8Q==}}

@article{luukkonen2011modelling,
	Author = {Luukkonen, Teppo},
	Date-Added = {2013-08-16 03:51:08 +0000},
	Date-Modified = {2013-08-16 03:51:08 +0000},
	Journal = {Independent research project in applied mathematics, Aalto University},
	Title = {Modelling and control of quadcopter},
	Year = {2011},
	Bdsk-File-1 = {YnBsaXN0MDDUAQIDBAUGJCVYJHZlcnNpb25YJG9iamVjdHNZJGFyY2hpdmVyVCR0b3ASAAGGoKgHCBMUFRYaIVUkbnVsbNMJCgsMDxJXTlMua2V5c1pOUy5vYmplY3RzViRjbGFzc6INDoACgAOiEBGABIAFgAdccmVsYXRpdmVQYXRoWWFsaWFzRGF0YV8QEkx1dWtrb25lbl8yMDExLnBkZtIXCxgZV05TLmRhdGFPEQHUAAAAAAHUAAIAAAtNYWNCb29rIFBybwAAAAAAAAAAAAAAAAAAAADI2UBNSCsAAAlY4z8STHV1a2tvbmVuXzIwMTEucGRmAAAAAAAAAAAAAAAAAAAAAAAAAAAAAAAAAAAAAAAAAAAAAAAAAAAAAAAAAAAABIeN+MtNg0UAAAAAAAAAAAABAAIAAAkgAAAAAAAAAAAAAAAAAAAABnBhcGVycwAQAAgAAMjZor0AAAARAAgAAMtN88UAAAABABwJWOM/CVM5iglTOYECBE5VAf1QewH8Ez4AAJMlAAIAWE1hY0Jvb2sgUHJvOlVzZXJzOgBha2VlOgBTY2hvb2w6AFVDTEE6ADAwIHRoZXNpczoAdWNsYXRoZXNpczoAcGFwZXJzOgBMdXVra29uZW5fMjAxMS5wZGYADgAmABIATAB1AHUAawBrAG8AbgBlAG4AXwAyADAAMQAxAC4AcABkAGYADwAYAAsATQBhAGMAQgBvAG8AawAgAFAAcgBvABIARVVzZXJzL2FrZWUvU2Nob29sL1VDTEEvMDAgdGhlc2lzL3VjbGF0aGVzaXMvcGFwZXJzL0x1dWtrb25lbl8yMDExLnBkZgAAEwABLwAAFQACAAv//wAAgAbSGxwdHlokY2xhc3NuYW1lWCRjbGFzc2VzXU5TTXV0YWJsZURhdGGjHR8gVk5TRGF0YVhOU09iamVjdNIbHCIjXE5TRGljdGlvbmFyeaIiIF8QD05TS2V5ZWRBcmNoaXZlctEmJ1Ryb290gAEACAARABoAIwAtADIANwBAAEYATQBVAGAAZwBqAGwAbgBxAHMAdQB3AIQAjgCjAKgAsAKIAooCjwKaAqMCsQK1ArwCxQLKAtcC2gLsAu8C9AAAAAAAAAIBAAAAAAAAACgAAAAAAAAAAAAAAAAAAAL2}}

@inproceedings{li2011dynamic,
	Author = {Li, Jun and Li, Yuntang},
	Booktitle = {Mechatronics and Automation (ICMA), 2011 International Conference on},
	Date-Added = {2013-08-16 03:50:36 +0000},
	Date-Modified = {2013-08-16 03:50:36 +0000},
	Organization = {IEEE},
	Pages = {573--578},
	Title = {Dynamic analysis and PID control for a quadrotor},
	Year = {2011},
	Bdsk-File-1 = {YnBsaXN0MDDUAQIDBAUGJCVYJHZlcnNpb25YJG9iamVjdHNZJGFyY2hpdmVyVCR0b3ASAAGGoKgHCBMUFRYaIVUkbnVsbNMJCgsMDxJXTlMua2V5c1pOUy5vYmplY3RzViRjbGFzc6INDoACgAOiEBGABIAFgAdccmVsYXRpdmVQYXRoWWFsaWFzRGF0YVtMaV8yMDExLnBkZtIXCxgZV05TLmRhdGFPEQG4AAAAAAG4AAIAAAtNYWNCb29rIFBybwAAAAAAAAAAAAAAAAAAAADI2UBNSCsAAAlY4z8LTGlfMjAxMS5wZGYAAAAAAAAAAAAAAAAAAAAAAAAAAAAAAAAAAAAAAAAAAAAAAAAAAAAAAAAAAAAAAAAAAAAABIeO5stqnUQAAAAAAAAAAAABAAIAAAkgAAAAAAAAAAAAAAAAAAAABnBhcGVycwAQAAgAAMjZor0AAAARAAgAAMtrDcQAAAABABwJWOM/CVM5iglTOYECBE5VAf1QewH8Ez4AAJMlAAIAUU1hY0Jvb2sgUHJvOlVzZXJzOgBha2VlOgBTY2hvb2w6AFVDTEE6ADAwIHRoZXNpczoAdWNsYXRoZXNpczoAcGFwZXJzOgBMaV8yMDExLnBkZgAADgAYAAsATABpAF8AMgAwADEAMQAuAHAAZABmAA8AGAALAE0AYQBjAEIAbwBvAGsAIABQAHIAbwASAD5Vc2Vycy9ha2VlL1NjaG9vbC9VQ0xBLzAwIHRoZXNpcy91Y2xhdGhlc2lzL3BhcGVycy9MaV8yMDExLnBkZgATAAEvAAAVAAIAC///AACABtIbHB0eWiRjbGFzc25hbWVYJGNsYXNzZXNdTlNNdXRhYmxlRGF0YaMdHyBWTlNEYXRhWE5TT2JqZWN00hscIiNcTlNEaWN0aW9uYXJ5oiIgXxAPTlNLZXllZEFyY2hpdmVy0SYnVHJvb3SAAQAIABEAGgAjAC0AMgA3AEAARgBNAFUAYABnAGoAbABuAHEAcwB1AHcAhACOAJoAnwCnAmMCZQJqAnUCfgKMApAClwKgAqUCsgK1AscCygLPAAAAAAAAAgEAAAAAAAAAKAAAAAAAAAAAAAAAAAAAAtE=}}

@article{leong2008development,
	Author = {Leong, Hou In},
	Date-Added = {2013-08-16 03:49:14 +0000},
	Date-Modified = {2013-08-16 03:49:25 +0000},
	Keywords = {thesis},
	Publisher = {University of Kansas},
	Title = {Development of a 6DOF Nonlinear Simulation Model Enhanced with Fine Tuning Procedures},
	Year = {2008},
	Bdsk-File-1 = {YnBsaXN0MDDUAQIDBAUGJCVYJHZlcnNpb25YJG9iamVjdHNZJGFyY2hpdmVyVCR0b3ASAAGGoKgHCBMUFRYaIVUkbnVsbNMJCgsMDxJXTlMua2V5c1pOUy5vYmplY3RzViRjbGFzc6INDoACgAOiEBGABIAFgAdccmVsYXRpdmVQYXRoWWFsaWFzRGF0YV5MZW9uZ18yMDA4LnBkZtIXCxgZV05TLmRhdGFPEQHEAAAAAAHEAAIAAAtNYWNCb29rIFBybwAAAAAAAAAAAAAAAAAAAADI2UBNSCsAAAlY4z8OTGVvbmdfMjAwOC5wZGYAAAAAAAAAAAAAAAAAAAAAAAAAAAAAAAAAAAAAAAAAAAAAAAAAAAAAAAAAAAAAAAAABIePEMtDR5QAAAAAAAAAAAABAAIAAAkgAAAAAAAAAAAAAAAAAAAABnBhcGVycwAQAAgAAMjZor0AAAARAAgAAMtDuBQAAAABABwJWOM/CVM5iglTOYECBE5VAf1QewH8Ez4AAJMlAAIAVE1hY0Jvb2sgUHJvOlVzZXJzOgBha2VlOgBTY2hvb2w6AFVDTEE6ADAwIHRoZXNpczoAdWNsYXRoZXNpczoAcGFwZXJzOgBMZW9uZ18yMDA4LnBkZgAOAB4ADgBMAGUAbwBuAGcAXwAyADAAMAA4AC4AcABkAGYADwAYAAsATQBhAGMAQgBvAG8AawAgAFAAcgBvABIAQVVzZXJzL2FrZWUvU2Nob29sL1VDTEEvMDAgdGhlc2lzL3VjbGF0aGVzaXMvcGFwZXJzL0xlb25nXzIwMDgucGRmAAATAAEvAAAVAAIAC///AACABtIbHB0eWiRjbGFzc25hbWVYJGNsYXNzZXNdTlNNdXRhYmxlRGF0YaMdHyBWTlNEYXRhWE5TT2JqZWN00hscIiNcTlNEaWN0aW9uYXJ5oiIgXxAPTlNLZXllZEFyY2hpdmVy0SYnVHJvb3SAAQAIABEAGgAjAC0AMgA3AEAARgBNAFUAYABnAGoAbABuAHEAcwB1AHcAhACOAJ0AogCqAnICdAJ5AoQCjQKbAp8CpgKvArQCwQLEAtYC2QLeAAAAAAAAAgEAAAAAAAAAKAAAAAAAAAAAAAAAAAAAAuA=}}

@article{kirn1998mathematical,
	Author = {Kirn, SK and Tilburyt, DM},
	Date-Added = {2013-08-16 03:48:38 +0000},
	Date-Modified = {2013-08-16 03:48:38 +0000},
	Title = {Mathematical modeling and experimental identification of a model helicopter},
	Year = {1998},
	Bdsk-File-1 = {YnBsaXN0MDDUAQIDBAUGJCVYJHZlcnNpb25YJG9iamVjdHNZJGFyY2hpdmVyVCR0b3ASAAGGoKgHCBMUFRYaIVUkbnVsbNMJCgsMDxJXTlMua2V5c1pOUy5vYmplY3RzViRjbGFzc6INDoACgAOiEBGABIAFgAdccmVsYXRpdmVQYXRoWWFsaWFzRGF0YV1LaXJuXzE5OTgucGRm0hcLGBlXTlMuZGF0YU8RAcAAAAAAAcAAAgAAC01hY0Jvb2sgUHJvAAAAAAAAAAAAAAAAAAAAAMjZQE1IKwAACVjjPw1LaXJuXzE5OTgucGRmAAAAAAAAAAAAAAAAAAAAAAAAAAAAAAAAAAAAAAAAAAAAAAAAAAAAAAAAAAAAAAAAAAAJWMHzzjAc2wAAAAAAAAAAAAEAAgAACSAAAAAAAAAAAAAAAAAAAAAGcGFwZXJzABAACAAAyNmivQAAABEACAAAzjB/SwAAAAEAHAlY4z8JUzmKCVM5gQIETlUB/VB7AfwTPgAAkyUAAgBTTWFjQm9vayBQcm86VXNlcnM6AGFrZWU6AFNjaG9vbDoAVUNMQToAMDAgdGhlc2lzOgB1Y2xhdGhlc2lzOgBwYXBlcnM6AEtpcm5fMTk5OC5wZGYAAA4AHAANAEsAaQByAG4AXwAxADkAOQA4AC4AcABkAGYADwAYAAsATQBhAGMAQgBvAG8AawAgAFAAcgBvABIAQFVzZXJzL2FrZWUvU2Nob29sL1VDTEEvMDAgdGhlc2lzL3VjbGF0aGVzaXMvcGFwZXJzL0tpcm5fMTk5OC5wZGYAEwABLwAAFQACAAv//wAAgAbSGxwdHlokY2xhc3NuYW1lWCRjbGFzc2VzXU5TTXV0YWJsZURhdGGjHR8gVk5TRGF0YVhOU09iamVjdNIbHCIjXE5TRGljdGlvbmFyeaIiIF8QD05TS2V5ZWRBcmNoaXZlctEmJ1Ryb290gAEACAARABoAIwAtADIANwBAAEYATQBVAGAAZwBqAGwAbgBxAHMAdQB3AIQAjgCcAKEAqQJtAm8CdAJ/AogClgKaAqECqgKvArwCvwLRAtQC2QAAAAAAAAIBAAAAAAAAACgAAAAAAAAAAAAAAAAAAALb}}

@article{kivrak2006design,
	Author = {Kivrak, Arda {\"O}zg{\"u}r},
	Date-Added = {2013-08-16 01:37:29 +0000},
	Date-Modified = {2013-08-16 01:37:29 +0000},
	Journal = {Atilim University, December},
	Title = {Design of control systems for a quadrotor flight vehicle equipped with inertial sensors},
	Year = {2006},
	Bdsk-File-1 = {YnBsaXN0MDDUAQIDBAUGJCVYJHZlcnNpb25YJG9iamVjdHNZJGFyY2hpdmVyVCR0b3ASAAGGoKgHCBMUFRYaIVUkbnVsbNMJCgsMDxJXTlMua2V5c1pOUy5vYmplY3RzViRjbGFzc6INDoACgAOiEBGABIAFgAdccmVsYXRpdmVQYXRoWWFsaWFzRGF0YV8QD0tpdnJha18yMDA2LnBkZtIXCxgZV05TLmRhdGFPEQHIAAAAAAHIAAIAAAtNYWNCb29rIFBybwAAAAAAAAAAAAAAAAAAAADI2UBNSCsAAAlY4z8PS2l2cmFrXzIwMDYucGRmAAAAAAAAAAAAAAAAAAAAAAAAAAAAAAAAAAAAAAAAAAAAAAAAAAAAAAAAAAAAAAAABIeO8cuNKpgAAAAAAAAAAAABAAIAAAkgAAAAAAAAAAAAAAAAAAAABnBhcGVycwAQAAgAAMjZor0AAAARAAgAAMuNjQgAAAABABwJWOM/CVM5iglTOYECBE5VAf1QewH8Ez4AAJMlAAIAVU1hY0Jvb2sgUHJvOlVzZXJzOgBha2VlOgBTY2hvb2w6AFVDTEE6ADAwIHRoZXNpczoAdWNsYXRoZXNpczoAcGFwZXJzOgBLaXZyYWtfMjAwNi5wZGYAAA4AIAAPAEsAaQB2AHIAYQBrAF8AMgAwADAANgAuAHAAZABmAA8AGAALAE0AYQBjAEIAbwBvAGsAIABQAHIAbwASAEJVc2Vycy9ha2VlL1NjaG9vbC9VQ0xBLzAwIHRoZXNpcy91Y2xhdGhlc2lzL3BhcGVycy9LaXZyYWtfMjAwNi5wZGYAEwABLwAAFQACAAv//wAAgAbSGxwdHlokY2xhc3NuYW1lWCRjbGFzc2VzXU5TTXV0YWJsZURhdGGjHR8gVk5TRGF0YVhOU09iamVjdNIbHCIjXE5TRGljdGlvbmFyeaIiIF8QD05TS2V5ZWRBcmNoaXZlctEmJ1Ryb290gAEACAARABoAIwAtADIANwBAAEYATQBVAGAAZwBqAGwAbgBxAHMAdQB3AIQAjgCgAKUArQJ5AnsCgAKLApQCogKmAq0CtgK7AsgCywLdAuAC5QAAAAAAAAIBAAAAAAAAACgAAAAAAAAAAAAAAAAAAALn}}

@article{phan1994system,
	Author = {Phan, Minh and Juang, Jer-Nan and Horta, Lucas G and Longman, Richard W},
	Date-Added = {2013-08-16 01:37:01 +0000},
	Date-Modified = {2013-08-16 01:37:01 +0000},
	Journal = {Journal of guidance, control, and dynamics},
	Number = {4},
	Pages = {661--669},
	Title = {System identification from closed-loop data with known output feedback dynamics},
	Volume = {17},
	Year = {1994},
	Bdsk-File-1 = {YnBsaXN0MDDUAQIDBAUGJCVYJHZlcnNpb25YJG9iamVjdHNZJGFyY2hpdmVyVCR0b3ASAAGGoKgHCBMUFRYaIVUkbnVsbNMJCgsMDxJXTlMua2V5c1pOUy5vYmplY3RzViRjbGFzc6INDoACgAOiEBGABIAFgAdccmVsYXRpdmVQYXRoWWFsaWFzRGF0YV1QaGFuXzE5OTQucGRm0hcLGBlXTlMuZGF0YU8RAcAAAAAAAcAAAgAAC01hY0Jvb2sgUHJvAAAAAAAAAAAAAAAAAAAAAMjZQE1IKwAACVjjPw1QaGFuXzE5OTQucGRmAAAAAAAAAAAAAAAAAAAAAAAAAAAAAAAAAAAAAAAAAAAAAAAAAAAAAAAAAAAAAAAAAAAJWMJOzjAdKQAAAAAAAAAAAAEAAgAACSAAAAAAAAAAAAAAAAAAAAAGcGFwZXJzABAACAAAyNmivQAAABEACAAAzjB/mQAAAAEAHAlY4z8JUzmKCVM5gQIETlUB/VB7AfwTPgAAkyUAAgBTTWFjQm9vayBQcm86VXNlcnM6AGFrZWU6AFNjaG9vbDoAVUNMQToAMDAgdGhlc2lzOgB1Y2xhdGhlc2lzOgBwYXBlcnM6AFBoYW5fMTk5NC5wZGYAAA4AHAANAFAAaABhAG4AXwAxADkAOQA0AC4AcABkAGYADwAYAAsATQBhAGMAQgBvAG8AawAgAFAAcgBvABIAQFVzZXJzL2FrZWUvU2Nob29sL1VDTEEvMDAgdGhlc2lzL3VjbGF0aGVzaXMvcGFwZXJzL1BoYW5fMTk5NC5wZGYAEwABLwAAFQACAAv//wAAgAbSGxwdHlokY2xhc3NuYW1lWCRjbGFzc2VzXU5TTXV0YWJsZURhdGGjHR8gVk5TRGF0YVhOU09iamVjdNIbHCIjXE5TRGljdGlvbmFyeaIiIF8QD05TS2V5ZWRBcmNoaXZlctEmJ1Ryb290gAEACAARABoAIwAtADIANwBAAEYATQBVAGAAZwBqAGwAbgBxAHMAdQB3AIQAjgCcAKEAqQJtAm8CdAJ/AogClgKaAqECqgKvArwCvwLRAtQC2QAAAAAAAAIBAAAAAAAAACgAAAAAAAAAAAAAAAAAAALb}}

@article{juang1993identification,
	Author = {Juang, Jer-Nan and Phan, Minh and Horta, Lucas G and Longman, Richard W},
	Date-Added = {2013-08-16 01:36:36 +0000},
	Date-Modified = {2013-08-16 01:36:36 +0000},
	Journal = {Journal of Guidance, Control, and Dynamics},
	Number = {2},
	Pages = {320--329},
	Title = {Identification of observer/Kalman filter Markov parameters-Theory and experiments},
	Volume = {16},
	Year = {1993},
	Bdsk-File-1 = {YnBsaXN0MDDUAQIDBAUGJCVYJHZlcnNpb25YJG9iamVjdHNZJGFyY2hpdmVyVCR0b3ASAAGGoKgHCBMUFRYaIVUkbnVsbNMJCgsMDxJXTlMua2V5c1pOUy5vYmplY3RzViRjbGFzc6INDoACgAOiEBGABIAFgAdccmVsYXRpdmVQYXRoWWFsaWFzRGF0YV5KdWFuZ18xOTkzLnBkZtIXCxgZV05TLmRhdGFPEQHEAAAAAAHEAAIAAAtNYWNCb29rIFBybwAAAAAAAAAAAAAAAAAAAADI2UBNSCsAAAlY4z8OSnVhbmdfMTk5My5wZGYAAAAAAAAAAAAAAAAAAAAAAAAAAAAAAAAAAAAAAAAAAAAAAAAAAAAAAAAAAAAAAAAACVjCGs4wHQkAAAAAAAAAAAABAAIAAAkgAAAAAAAAAAAAAAAAAAAABnBhcGVycwAQAAgAAMjZor0AAAARAAgAAM4wf3kAAAABABwJWOM/CVM5iglTOYECBE5VAf1QewH8Ez4AAJMlAAIAVE1hY0Jvb2sgUHJvOlVzZXJzOgBha2VlOgBTY2hvb2w6AFVDTEE6ADAwIHRoZXNpczoAdWNsYXRoZXNpczoAcGFwZXJzOgBKdWFuZ18xOTkzLnBkZgAOAB4ADgBKAHUAYQBuAGcAXwAxADkAOQAzAC4AcABkAGYADwAYAAsATQBhAGMAQgBvAG8AawAgAFAAcgBvABIAQVVzZXJzL2FrZWUvU2Nob29sL1VDTEEvMDAgdGhlc2lzL3VjbGF0aGVzaXMvcGFwZXJzL0p1YW5nXzE5OTMucGRmAAATAAEvAAAVAAIAC///AACABtIbHB0eWiRjbGFzc25hbWVYJGNsYXNzZXNdTlNNdXRhYmxlRGF0YaMdHyBWTlNEYXRhWE5TT2JqZWN00hscIiNcTlNEaWN0aW9uYXJ5oiIgXxAPTlNLZXllZEFyY2hpdmVy0SYnVHJvb3SAAQAIABEAGgAjAC0AMgA3AEAARgBNAFUAYABnAGoAbABuAHEAcwB1AHcAhACOAJ0AogCqAnICdAJ5AoQCjQKbAp8CpgKvArQCwQLEAtYC2QLeAAAAAAAAAgEAAAAAAAAAKAAAAAAAAAAAAAAAAAAAAuA=}}

@article{poshtan2005subspace,
	Author = {Poshtan, J and Mojallali, H},
	Date-Added = {2013-08-16 01:36:01 +0000},
	Date-Modified = {2013-08-16 01:36:01 +0000},
	Journal = {Iranian Journal of Electrical \& Electronic Engineering},
	Number = {1},
	Pages = {11--17},
	Title = {Subspace system identification},
	Volume = {1},
	Year = {2005},
	Bdsk-File-1 = {YnBsaXN0MDDUAQIDBAUGJCVYJHZlcnNpb25YJG9iamVjdHNZJGFyY2hpdmVyVCR0b3ASAAGGoKgHCBMUFRYaIVUkbnVsbNMJCgsMDxJXTlMua2V5c1pOUy5vYmplY3RzViRjbGFzc6INDoACgAOiEBGABIAFgAdccmVsYXRpdmVQYXRoWWFsaWFzRGF0YV8QEFBvc2h0YW5fMjAwNS5wZGbSFwsYGVdOUy5kYXRhTxEBzAAAAAABzAACAAALTWFjQm9vayBQcm8AAAAAAAAAAAAAAAAAAAAAyNlATUgrAAAJWOM/EFBvc2h0YW5fMjAwNS5wZGYAAAAAAAAAAAAAAAAAAAAAAAAAAAAAAAAAAAAAAAAAAAAAAAAAAAAAAAAAAAAAAAlYwkzOMB0pAAAAAAAAAAAAAQACAAAJIAAAAAAAAAAAAAAAAAAAAAZwYXBlcnMAEAAIAADI2aK9AAAAEQAIAADOMH+ZAAAAAQAcCVjjPwlTOYoJUzmBAgROVQH9UHsB/BM+AACTJQACAFZNYWNCb29rIFBybzpVc2VyczoAYWtlZToAU2Nob29sOgBVQ0xBOgAwMCB0aGVzaXM6AHVjbGF0aGVzaXM6AHBhcGVyczoAUG9zaHRhbl8yMDA1LnBkZgAOACIAEABQAG8AcwBoAHQAYQBuAF8AMgAwADAANQAuAHAAZABmAA8AGAALAE0AYQBjAEIAbwBvAGsAIABQAHIAbwASAENVc2Vycy9ha2VlL1NjaG9vbC9VQ0xBLzAwIHRoZXNpcy91Y2xhdGhlc2lzL3BhcGVycy9Qb3NodGFuXzIwMDUucGRmAAATAAEvAAAVAAIAC///AACABtIbHB0eWiRjbGFzc25hbWVYJGNsYXNzZXNdTlNNdXRhYmxlRGF0YaMdHyBWTlNEYXRhWE5TT2JqZWN00hscIiNcTlNEaWN0aW9uYXJ5oiIgXxAPTlNLZXllZEFyY2hpdmVy0SYnVHJvb3SAAQAIABEAGgAjAC0AMgA3AEAARgBNAFUAYABnAGoAbABuAHEAcwB1AHcAhACOAKEApgCuAn4CgAKFApACmQKnAqsCsgK7AsACzQLQAuIC5QLqAAAAAAAAAgEAAAAAAAAAKAAAAAAAAAAAAAAAAAAAAuw=}}

@article{jung2007modelling,
	Author = {Jung, Dongwon and Tsiotras, Panagiotis},
	Date-Added = {2013-08-16 01:35:24 +0000},
	Date-Modified = {2013-08-16 01:35:24 +0000},
	Journal = {AIAA Infotech at Aerospace, AIAA},
	Pages = {07--2763},
	Title = {Modelling and hardware-in-the-loop simulation for a small unmanned aerial vehicle},
	Year = {2007},
	Bdsk-File-1 = {YnBsaXN0MDDUAQIDBAUGJCVYJHZlcnNpb25YJG9iamVjdHNZJGFyY2hpdmVyVCR0b3ASAAGGoKgHCBMUFRYaIVUkbnVsbNMJCgsMDxJXTlMua2V5c1pOUy5vYmplY3RzViRjbGFzc6INDoACgAOiEBGABIAFgAdccmVsYXRpdmVQYXRoWWFsaWFzRGF0YV1KdW5nXzIwMDcucGRm0hcLGBlXTlMuZGF0YU8RAcAAAAAAAcAAAgAAC01hY0Jvb2sgUHJvAAAAAAAAAAAAAAAAAAAAAMjZQE1IKwAACVjjPw1KdW5nXzIwMDcucGRmAAAAAAAAAAAAAAAAAAAAAAAAAAAAAAAAAAAAAAAAAAAAAAAAAAAAAAAAAAAAAAAAAAAJWMIezjAdCQAAAAAAAAAAAAEAAgAACSAAAAAAAAAAAAAAAAAAAAAGcGFwZXJzABAACAAAyNmivQAAABEACAAAzjB/eQAAAAEAHAlY4z8JUzmKCVM5gQIETlUB/VB7AfwTPgAAkyUAAgBTTWFjQm9vayBQcm86VXNlcnM6AGFrZWU6AFNjaG9vbDoAVUNMQToAMDAgdGhlc2lzOgB1Y2xhdGhlc2lzOgBwYXBlcnM6AEp1bmdfMjAwNy5wZGYAAA4AHAANAEoAdQBuAGcAXwAyADAAMAA3AC4AcABkAGYADwAYAAsATQBhAGMAQgBvAG8AawAgAFAAcgBvABIAQFVzZXJzL2FrZWUvU2Nob29sL1VDTEEvMDAgdGhlc2lzL3VjbGF0aGVzaXMvcGFwZXJzL0p1bmdfMjAwNy5wZGYAEwABLwAAFQACAAv//wAAgAbSGxwdHlokY2xhc3NuYW1lWCRjbGFzc2VzXU5TTXV0YWJsZURhdGGjHR8gVk5TRGF0YVhOU09iamVjdNIbHCIjXE5TRGljdGlvbmFyeaIiIF8QD05TS2V5ZWRBcmNoaXZlctEmJ1Ryb290gAEACAARABoAIwAtADIANwBAAEYATQBVAGAAZwBqAGwAbgBxAHMAdQB3AIQAjgCcAKEAqQJtAm8CdAJ/AogClgKaAqECqgKvArwCvwLRAtQC2QAAAAAAAAIBAAAAAAAAACgAAAAAAAAAAAAAAAAAAALb}}

@inproceedings{gurdan2007energy,
	Author = {Gurdan, Daniel and Stumpf, Jan and Achtelik, Michael and Doth, K-M and Hirzinger, Gerd and Rus, Daniela},
	Booktitle = {Robotics and Automation, 2007 IEEE International Conference on},
	Date-Added = {2013-08-16 01:33:00 +0000},
	Date-Modified = {2013-08-16 01:33:00 +0000},
	Organization = {IEEE},
	Pages = {361--366},
	Title = {Energy-efficient autonomous four-rotor flying robot controlled at 1 kHz},
	Year = {2007},
	Bdsk-File-1 = {YnBsaXN0MDDUAQIDBAUGJCVYJHZlcnNpb25YJG9iamVjdHNZJGFyY2hpdmVyVCR0b3ASAAGGoKgHCBMUFRYaIVUkbnVsbNMJCgsMDxJXTlMua2V5c1pOUy5vYmplY3RzViRjbGFzc6INDoACgAOiEBGABIAFgAdccmVsYXRpdmVQYXRoWWFsaWFzRGF0YV8QD0d1cmRhbl8yMDA3LnBkZtIXCxgZV05TLmRhdGFPEQHIAAAAAAHIAAIAAAtNYWNCb29rIFBybwAAAAAAAAAAAAAAAAAAAADI2UBNSCsAAAlY4z8PR3VyZGFuXzIwMDcucGRmAAAAAAAAAAAAAAAAAAAAAAAAAAAAAAAAAAAAAAAAAAAAAAAAAAAAAAAAAAAAAAAABIeO58tzoiEAAAAAAAAAAAABAAIAAAkgAAAAAAAAAAAAAAAAAAAABnBhcGVycwAQAAgAAMjZor0AAAARAAgAAMt0EqEAAAABABwJWOM/CVM5iglTOYECBE5VAf1QewH8Ez4AAJMlAAIAVU1hY0Jvb2sgUHJvOlVzZXJzOgBha2VlOgBTY2hvb2w6AFVDTEE6ADAwIHRoZXNpczoAdWNsYXRoZXNpczoAcGFwZXJzOgBHdXJkYW5fMjAwNy5wZGYAAA4AIAAPAEcAdQByAGQAYQBuAF8AMgAwADAANwAuAHAAZABmAA8AGAALAE0AYQBjAEIAbwBvAGsAIABQAHIAbwASAEJVc2Vycy9ha2VlL1NjaG9vbC9VQ0xBLzAwIHRoZXNpcy91Y2xhdGhlc2lzL3BhcGVycy9HdXJkYW5fMjAwNy5wZGYAEwABLwAAFQACAAv//wAAgAbSGxwdHlokY2xhc3NuYW1lWCRjbGFzc2VzXU5TTXV0YWJsZURhdGGjHR8gVk5TRGF0YVhOU09iamVjdNIbHCIjXE5TRGljdGlvbmFyeaIiIF8QD05TS2V5ZWRBcmNoaXZlctEmJ1Ryb290gAEACAARABoAIwAtADIANwBAAEYATQBVAGAAZwBqAGwAbgBxAHMAdQB3AIQAjgCgAKUArQJ5AnsCgAKLApQCogKmAq0CtgK7AsgCywLdAuAC5QAAAAAAAAIBAAAAAAAAACgAAAAAAAAAAAAAAAAAAALn}}

@inproceedings{fang2010design,
	Author = {Fang, Zheng and Wang, Xiu-ying and Sun, Jian},
	Booktitle = {Intelligent Control and Automation (WCICA), 2010 8th World Congress on},
	Date-Added = {2013-08-16 01:32:35 +0000},
	Date-Modified = {2013-08-16 01:32:35 +0000},
	Organization = {IEEE},
	Pages = {429--434},
	Title = {Design and nonlinear control of an indoor quadrotor flying robot},
	Year = {2010},
	Bdsk-File-1 = {YnBsaXN0MDDUAQIDBAUGJCVYJHZlcnNpb25YJG9iamVjdHNZJGFyY2hpdmVyVCR0b3ASAAGGoKgHCBMUFRYaIVUkbnVsbNMJCgsMDxJXTlMua2V5c1pOUy5vYmplY3RzViRjbGFzc6INDoACgAOiEBGABIAFgAdccmVsYXRpdmVQYXRoWWFsaWFzRGF0YV1GYW5nXzIwMTAucGRm0hcLGBlXTlMuZGF0YU8RAcAAAAAAAcAAAgAAC01hY0Jvb2sgUHJvAAAAAAAAAAAAAAAAAAAAAMjZQE1IKwAACVjjPw1GYW5nXzIwMTAucGRmAAAAAAAAAAAAAAAAAAAAAAAAAAAAAAAAAAAAAAAAAAAAAAAAAAAAAAAAAAAAAAAAAAAEh47jy3ZjwwAAAAAAAAAAAAEAAgAACSAAAAAAAAAAAAAAAAAAAAAGcGFwZXJzABAACAAAyNmivQAAABEACAAAy3bUQwAAAAEAHAlY4z8JUzmKCVM5gQIETlUB/VB7AfwTPgAAkyUAAgBTTWFjQm9vayBQcm86VXNlcnM6AGFrZWU6AFNjaG9vbDoAVUNMQToAMDAgdGhlc2lzOgB1Y2xhdGhlc2lzOgBwYXBlcnM6AEZhbmdfMjAxMC5wZGYAAA4AHAANAEYAYQBuAGcAXwAyADAAMQAwAC4AcABkAGYADwAYAAsATQBhAGMAQgBvAG8AawAgAFAAcgBvABIAQFVzZXJzL2FrZWUvU2Nob29sL1VDTEEvMDAgdGhlc2lzL3VjbGF0aGVzaXMvcGFwZXJzL0ZhbmdfMjAxMC5wZGYAEwABLwAAFQACAAv//wAAgAbSGxwdHlokY2xhc3NuYW1lWCRjbGFzc2VzXU5TTXV0YWJsZURhdGGjHR8gVk5TRGF0YVhOU09iamVjdNIbHCIjXE5TRGljdGlvbmFyeaIiIF8QD05TS2V5ZWRBcmNoaXZlctEmJ1Ryb290gAEACAARABoAIwAtADIANwBAAEYATQBVAGAAZwBqAGwAbgBxAHMAdQB3AIQAjgCcAKEAqQJtAm8CdAJ/AogClgKaAqECqgKvArwCvwLRAtQC2QAAAAAAAAIBAAAAAAAAACgAAAAAAAAAAAAAAAAAAALb}}

@inproceedings{erginer2007modeling,
	Author = {Erginer, Bora and Altug, Erdinc},
	Booktitle = {Intelligent Vehicles Symposium, 2007 IEEE},
	Date-Added = {2013-08-16 01:31:28 +0000},
	Date-Modified = {2013-08-16 01:31:28 +0000},
	Organization = {IEEE},
	Pages = {894--899},
	Title = {Modeling and PD control of a quadrotor VTOL vehicle},
	Year = {2007},
	Bdsk-File-1 = {YnBsaXN0MDDUAQIDBAUGJCVYJHZlcnNpb25YJG9iamVjdHNZJGFyY2hpdmVyVCR0b3ASAAGGoKgHCBMUFRYaIVUkbnVsbNMJCgsMDxJXTlMua2V5c1pOUy5vYmplY3RzViRjbGFzc6INDoACgAOiEBGABIAFgAdccmVsYXRpdmVQYXRoWWFsaWFzRGF0YV8QEEVyZ2luZXJfMjAwNy5wZGbSFwsYGVdOUy5kYXRhTxEBzAAAAAABzAACAAALTWFjQm9vayBQcm8AAAAAAAAAAAAAAAAAAAAAyNlATUgrAAAJWOM/EEVyZ2luZXJfMjAwNy5wZGYAAAAAAAAAAAAAAAAAAAAAAAAAAAAAAAAAAAAAAAAAAAAAAAAAAAAAAAAAAAAAAASHjvPLkPGtAAAAAAAAAAAAAQACAAAJIAAAAAAAAAAAAAAAAAAAAAZwYXBlcnMAEAAIAADI2aK9AAAAEQAIAADLkVQdAAAAAQAcCVjjPwlTOYoJUzmBAgROVQH9UHsB/BM+AACTJQACAFZNYWNCb29rIFBybzpVc2VyczoAYWtlZToAU2Nob29sOgBVQ0xBOgAwMCB0aGVzaXM6AHVjbGF0aGVzaXM6AHBhcGVyczoARXJnaW5lcl8yMDA3LnBkZgAOACIAEABFAHIAZwBpAG4AZQByAF8AMgAwADAANwAuAHAAZABmAA8AGAALAE0AYQBjAEIAbwBvAGsAIABQAHIAbwASAENVc2Vycy9ha2VlL1NjaG9vbC9VQ0xBLzAwIHRoZXNpcy91Y2xhdGhlc2lzL3BhcGVycy9FcmdpbmVyXzIwMDcucGRmAAATAAEvAAAVAAIAC///AACABtIbHB0eWiRjbGFzc25hbWVYJGNsYXNzZXNdTlNNdXRhYmxlRGF0YaMdHyBWTlNEYXRhWE5TT2JqZWN00hscIiNcTlNEaWN0aW9uYXJ5oiIgXxAPTlNLZXllZEFyY2hpdmVy0SYnVHJvb3SAAQAIABEAGgAjAC0AMgA3AEAARgBNAFUAYABnAGoAbABuAHEAcwB1AHcAhACOAKEApgCuAn4CgAKFApACmQKnAqsCsgK7AsACzQLQAuIC5QLqAAAAAAAAAgEAAAAAAAAAKAAAAAAAAAAAAAAAAAAAAuw=}}

@inproceedings{ducard2009autonomous,
	Author = {Ducard, Guillaume and D'Andrea, Raffaello},
	Booktitle = {Industrial embedded systems, 2009. SIES'09. IEEE international symposium on},
	Date-Added = {2013-08-16 01:31:05 +0000},
	Date-Modified = {2013-08-16 01:31:05 +0000},
	Organization = {IEEE},
	Pages = {261--264},
	Title = {Autonomous quadrotor flight using a vision system and accommodating frames misalignment},
	Year = {2009},
	Bdsk-File-1 = {YnBsaXN0MDDUAQIDBAUGJCVYJHZlcnNpb25YJG9iamVjdHNZJGFyY2hpdmVyVCR0b3ASAAGGoKgHCBMUFRYaIVUkbnVsbNMJCgsMDxJXTlMua2V5c1pOUy5vYmplY3RzViRjbGFzc6INDoACgAOiEBGABIAFgAdccmVsYXRpdmVQYXRoWWFsaWFzRGF0YV8QD0R1Y2FyZF8yMDA5LnBkZtIXCxgZV05TLmRhdGFPEQHIAAAAAAHIAAIAAAtNYWNCb29rIFBybwAAAAAAAAAAAAAAAAAAAADI2UBNSCsAAAlY4z8PRHVjYXJkXzIwMDkucGRmAAAAAAAAAAAAAAAAAAAAAAAAAAAAAAAAAAAAAAAAAAAAAAAAAAAAAAAAAAAAAAAABIeO3ctzoV4AAAAAAAAAAAABAAIAAAkgAAAAAAAAAAAAAAAAAAAABnBhcGVycwAQAAgAAMjZor0AAAARAAgAAMt0Ed4AAAABABwJWOM/CVM5iglTOYECBE5VAf1QewH8Ez4AAJMlAAIAVU1hY0Jvb2sgUHJvOlVzZXJzOgBha2VlOgBTY2hvb2w6AFVDTEE6ADAwIHRoZXNpczoAdWNsYXRoZXNpczoAcGFwZXJzOgBEdWNhcmRfMjAwOS5wZGYAAA4AIAAPAEQAdQBjAGEAcgBkAF8AMgAwADAAOQAuAHAAZABmAA8AGAALAE0AYQBjAEIAbwBvAGsAIABQAHIAbwASAEJVc2Vycy9ha2VlL1NjaG9vbC9VQ0xBLzAwIHRoZXNpcy91Y2xhdGhlc2lzL3BhcGVycy9EdWNhcmRfMjAwOS5wZGYAEwABLwAAFQACAAv//wAAgAbSGxwdHlokY2xhc3NuYW1lWCRjbGFzc2VzXU5TTXV0YWJsZURhdGGjHR8gVk5TRGF0YVhOU09iamVjdNIbHCIjXE5TRGljdGlvbmFyeaIiIF8QD05TS2V5ZWRBcmNoaXZlctEmJ1Ryb290gAEACAARABoAIwAtADIANwBAAEYATQBVAGAAZwBqAGwAbgBxAHMAdQB3AIQAjgCgAKUArQJ5AnsCgAKLApQCogKmAq0CtgK7AsgCywLdAuAC5QAAAAAAAAIBAAAAAAAAACgAAAAAAAAAAAAAAAAAAALn}}

@article{domingues2009quadrotor,
	Author = {Domingues, Jorge Miguel Brito},
	Date-Added = {2013-08-16 01:30:05 +0000},
	Date-Modified = {2013-08-16 01:30:05 +0000},
	Journal = {Instituto Superior Tecnico},
	Title = {Quadrotor prototype},
	Year = {2009},
	Bdsk-File-1 = {YnBsaXN0MDDUAQIDBAUGJCVYJHZlcnNpb25YJG9iamVjdHNZJGFyY2hpdmVyVCR0b3ASAAGGoKgHCBMUFRYaIVUkbnVsbNMJCgsMDxJXTlMua2V5c1pOUy5vYmplY3RzViRjbGFzc6INDoACgAOiEBGABIAFgAdccmVsYXRpdmVQYXRoWWFsaWFzRGF0YV8QEkRvbWluZ3Vlc18yMDA5LnBkZtIXCxgZV05TLmRhdGFPEQHUAAAAAAHUAAIAAAtNYWNCb29rIFBybwAAAAAAAAAAAAAAAAAAAADI2UBNSCsAAAlY4z8SRG9taW5ndWVzXzIwMDkucGRmAAAAAAAAAAAAAAAAAAAAAAAAAAAAAAAAAAAAAAAAAAAAAAAAAAAAAAAAAAAABIePAcuNaHEAAAAAAAAAAAABAAIAAAkgAAAAAAAAAAAAAAAAAAAABnBhcGVycwAQAAgAAMjZor0AAAARAAgAAMuNyuEAAAABABwJWOM/CVM5iglTOYECBE5VAf1QewH8Ez4AAJMlAAIAWE1hY0Jvb2sgUHJvOlVzZXJzOgBha2VlOgBTY2hvb2w6AFVDTEE6ADAwIHRoZXNpczoAdWNsYXRoZXNpczoAcGFwZXJzOgBEb21pbmd1ZXNfMjAwOS5wZGYADgAmABIARABvAG0AaQBuAGcAdQBlAHMAXwAyADAAMAA5AC4AcABkAGYADwAYAAsATQBhAGMAQgBvAG8AawAgAFAAcgBvABIARVVzZXJzL2FrZWUvU2Nob29sL1VDTEEvMDAgdGhlc2lzL3VjbGF0aGVzaXMvcGFwZXJzL0RvbWluZ3Vlc18yMDA5LnBkZgAAEwABLwAAFQACAAv//wAAgAbSGxwdHlokY2xhc3NuYW1lWCRjbGFzc2VzXU5TTXV0YWJsZURhdGGjHR8gVk5TRGF0YVhOU09iamVjdNIbHCIjXE5TRGljdGlvbmFyeaIiIF8QD05TS2V5ZWRBcmNoaXZlctEmJ1Ryb290gAEACAARABoAIwAtADIANwBAAEYATQBVAGAAZwBqAGwAbgBxAHMAdQB3AIQAjgCjAKgAsAKIAooCjwKaAqMCsQK1ArwCxQLKAtcC2gLsAu8C9AAAAAAAAAIBAAAAAAAAACgAAAAAAAAAAAAAAAAAAAL2}}

@inproceedings{rawashdeh2009microraptor,
	Author = {Rawashdeh, Osamah A and Yang, Hong Chul and AbouSleiman, Rami D and Sababha, Belal H},
	Booktitle = {Proceedings of the ASME 2009 International Design Engineering Technical Conferences \& Computers and Information in Engineering Conference, California, USA},
	Date-Added = {2013-08-16 01:29:43 +0000},
	Date-Modified = {2013-08-16 01:29:43 +0000},
	Title = {Microraptor: A low-cost autonomous quadrotor system},
	Year = {2009},
	Bdsk-File-1 = {YnBsaXN0MDDUAQIDBAUGJCVYJHZlcnNpb25YJG9iamVjdHNZJGFyY2hpdmVyVCR0b3ASAAGGoKgHCBMUFRYaIVUkbnVsbNMJCgsMDxJXTlMua2V5c1pOUy5vYmplY3RzViRjbGFzc6INDoACgAOiEBGABIAFgAdccmVsYXRpdmVQYXRoWWFsaWFzRGF0YV8QElJhd2FzaGRlaF8yMDA5LnBkZtIXCxgZV05TLmRhdGFPEQHUAAAAAAHUAAIAAAtNYWNCb29rIFBybwAAAAAAAAAAAAAAAAAAAADI2UBNSCsAAAlY4z8SUmF3YXNoZGVoXzIwMDkucGRmAAAAAAAAAAAAAAAAAAAAAAAAAAAAAAAAAAAAAAAAAAAAAAAAAAAAAAAAAAAACVjCHM4wHQkAAAAAAAAAAAABAAIAAAkgAAAAAAAAAAAAAAAAAAAABnBhcGVycwAQAAgAAMjZor0AAAARAAgAAM4wf3kAAAABABwJWOM/CVM5iglTOYECBE5VAf1QewH8Ez4AAJMlAAIAWE1hY0Jvb2sgUHJvOlVzZXJzOgBha2VlOgBTY2hvb2w6AFVDTEE6ADAwIHRoZXNpczoAdWNsYXRoZXNpczoAcGFwZXJzOgBSYXdhc2hkZWhfMjAwOS5wZGYADgAmABIAUgBhAHcAYQBzAGgAZABlAGgAXwAyADAAMAA5AC4AcABkAGYADwAYAAsATQBhAGMAQgBvAG8AawAgAFAAcgBvABIARVVzZXJzL2FrZWUvU2Nob29sL1VDTEEvMDAgdGhlc2lzL3VjbGF0aGVzaXMvcGFwZXJzL1Jhd2FzaGRlaF8yMDA5LnBkZgAAEwABLwAAFQACAAv//wAAgAbSGxwdHlokY2xhc3NuYW1lWCRjbGFzc2VzXU5TTXV0YWJsZURhdGGjHR8gVk5TRGF0YVhOU09iamVjdNIbHCIjXE5TRGljdGlvbmFyeaIiIF8QD05TS2V5ZWRBcmNoaXZlctEmJ1Ryb290gAEACAARABoAIwAtADIANwBAAEYATQBVAGAAZwBqAGwAbgBxAHMAdQB3AIQAjgCjAKgAsAKIAooCjwKaAqMCsQK1ArwCxQLKAtcC2gLsAu8C9AAAAAAAAAIBAAAAAAAAACgAAAAAAAAAAAAAAAAAAAL2}}

@article{crespo2012design,
	Author = {Crespo, Luis G and Matsutani, Megumi and Annaswamy, Anuradha M},
	Date-Added = {2013-08-16 01:29:01 +0000},
	Date-Modified = {2013-08-16 01:29:01 +0000},
	Journal = {Journal of Guidance, Control, and Dynamics},
	Number = {2},
	Pages = {406--422},
	Title = {Design of an adaptive controller for a remotely operated air vehicle},
	Volume = {35},
	Year = {2012},
	Bdsk-File-1 = {YnBsaXN0MDDUAQIDBAUGJCVYJHZlcnNpb25YJG9iamVjdHNZJGFyY2hpdmVyVCR0b3ASAAGGoKgHCBMUFRYaIVUkbnVsbNMJCgsMDxJXTlMua2V5c1pOUy5vYmplY3RzViRjbGFzc6INDoACgAOiEBGABIAFgAdccmVsYXRpdmVQYXRoWWFsaWFzRGF0YV8QD0NyZXNwb18yMDEyLnBkZtIXCxgZV05TLmRhdGFPEQHIAAAAAAHIAAIAAAtNYWNCb29rIFBybwAAAAAAAAAAAAAAAAAAAADI2UBNSCsAAAlY4z8PQ3Jlc3BvXzIwMTIucGRmAAAAAAAAAAAAAAAAAAAAAAAAAAAAAAAAAAAAAAAAAAAAAAAAAAAAAAAAAAAAAAAABIeO5Mt+1G8AAAAAAAAAAAABAAIAAAkgAAAAAAAAAAAAAAAAAAAABnBhcGVycwAQAAgAAMjZor0AAAARAAgAAMt/RO8AAAABABwJWOM/CVM5iglTOYECBE5VAf1QewH8Ez4AAJMlAAIAVU1hY0Jvb2sgUHJvOlVzZXJzOgBha2VlOgBTY2hvb2w6AFVDTEE6ADAwIHRoZXNpczoAdWNsYXRoZXNpczoAcGFwZXJzOgBDcmVzcG9fMjAxMi5wZGYAAA4AIAAPAEMAcgBlAHMAcABvAF8AMgAwADEAMgAuAHAAZABmAA8AGAALAE0AYQBjAEIAbwBvAGsAIABQAHIAbwASAEJVc2Vycy9ha2VlL1NjaG9vbC9VQ0xBLzAwIHRoZXNpcy91Y2xhdGhlc2lzL3BhcGVycy9DcmVzcG9fMjAxMi5wZGYAEwABLwAAFQACAAv//wAAgAbSGxwdHlokY2xhc3NuYW1lWCRjbGFzc2VzXU5TTXV0YWJsZURhdGGjHR8gVk5TRGF0YVhOU09iamVjdNIbHCIjXE5TRGljdGlvbmFyeaIiIF8QD05TS2V5ZWRBcmNoaXZlctEmJ1Ryb290gAEACAARABoAIwAtADIANwBAAEYATQBVAGAAZwBqAGwAbgBxAHMAdQB3AIQAjgCgAKUArQJ5AnsCgAKLApQCogKmAq0CtgK7AsgCywLdAuAC5QAAAAAAAAIBAAAAAAAAACgAAAAAAAAAAAAAAAAAAALn}}

@inproceedings{cheviron2009generic,
	Author = {Cheviron, Thibault and Chriette, Abdelhamid and Plestan, Franck},
	Booktitle = {Robotics and Automation, 2009. ICRA'09. IEEE International Conference on},
	Date-Added = {2013-08-16 01:27:52 +0000},
	Date-Modified = {2013-08-16 01:27:52 +0000},
	Organization = {IEEE},
	Pages = {3271--3276},
	Title = {Generic nonlinear model of reduced scale UAVs},
	Year = {2009},
	Bdsk-File-1 = {YnBsaXN0MDDUAQIDBAUGJCVYJHZlcnNpb25YJG9iamVjdHNZJGFyY2hpdmVyVCR0b3ASAAGGoKgHCBMUFRYaIVUkbnVsbNMJCgsMDxJXTlMua2V5c1pOUy5vYmplY3RzViRjbGFzc6INDoACgAOiEBGABIAFgAdccmVsYXRpdmVQYXRoWWFsaWFzRGF0YV8QEUNoZXZpcm9uXzIwMDkucGRm0hcLGBlXTlMuZGF0YU8RAdAAAAAAAdAAAgAAC01hY0Jvb2sgUHJvAAAAAAAAAAAAAAAAAAAAAMjZQE1IKwAACVjjPxFDaGV2aXJvbl8yMDA5LnBkZgAAAAAAAAAAAAAAAAAAAAAAAAAAAAAAAAAAAAAAAAAAAAAAAAAAAAAAAAAAAAAEh47oy2qcWAAAAAAAAAAAAAEAAgAACSAAAAAAAAAAAAAAAAAAAAAGcGFwZXJzABAACAAAyNmivQAAABEACAAAy2sM2AAAAAEAHAlY4z8JUzmKCVM5gQIETlUB/VB7AfwTPgAAkyUAAgBXTWFjQm9vayBQcm86VXNlcnM6AGFrZWU6AFNjaG9vbDoAVUNMQToAMDAgdGhlc2lzOgB1Y2xhdGhlc2lzOgBwYXBlcnM6AENoZXZpcm9uXzIwMDkucGRmAAAOACQAEQBDAGgAZQB2AGkAcgBvAG4AXwAyADAAMAA5AC4AcABkAGYADwAYAAsATQBhAGMAQgBvAG8AawAgAFAAcgBvABIARFVzZXJzL2FrZWUvU2Nob29sL1VDTEEvMDAgdGhlc2lzL3VjbGF0aGVzaXMvcGFwZXJzL0NoZXZpcm9uXzIwMDkucGRmABMAAS8AABUAAgAL//8AAIAG0hscHR5aJGNsYXNzbmFtZVgkY2xhc3Nlc11OU011dGFibGVEYXRhox0fIFZOU0RhdGFYTlNPYmplY3TSGxwiI1xOU0RpY3Rpb25hcnmiIiBfEA9OU0tleWVkQXJjaGl2ZXLRJidUcm9vdIABAAgAEQAaACMALQAyADcAQABGAE0AVQBgAGcAagBsAG4AcQBzAHUAdwCEAI4AogCnAK8CgwKFAooClQKeAqwCsAK3AsACxQLSAtUC5wLqAu8AAAAAAAACAQAAAAAAAAAoAAAAAAAAAAAAAAAAAAAC8Q==}}

@inproceedings{hashimoto2000system,
	Author = {Hashimoto, Seiji and Ogawa, Tomonori and Adachi, Shuichi and Tan, Anzhong and Miyamori, Gou},
	Booktitle = {Control Applications, 2000. Proceedings of the 2000 IEEE International Conference on},
	Date-Added = {2013-08-16 01:27:32 +0000},
	Date-Modified = {2013-08-16 01:27:32 +0000},
	Organization = {IEEE},
	Pages = {850--855},
	Title = {System identification experiments on a large-scale unmanned helicopter for autonomous flight},
	Year = {2000},
	Bdsk-File-1 = {YnBsaXN0MDDUAQIDBAUGJCVYJHZlcnNpb25YJG9iamVjdHNZJGFyY2hpdmVyVCR0b3ASAAGGoKgHCBMUFRYaIVUkbnVsbNMJCgsMDxJXTlMua2V5c1pOUy5vYmplY3RzViRjbGFzc6INDoACgAOiEBGABIAFgAdccmVsYXRpdmVQYXRoWWFsaWFzRGF0YV8QEkhhc2hpbW90b18yMDAwLnBkZtIXCxgZV05TLmRhdGFPEQHUAAAAAAHUAAIAAAtNYWNCb29rIFBybwAAAAAAAAAAAAAAAAAAAADI2UBNSCsAAAlY4z8SSGFzaGltb3RvXzIwMDAucGRmAAAAAAAAAAAAAAAAAAAAAAAAAAAAAAAAAAAAAAAAAAAAAAAAAAAAAAAAAAAACVjBz84wHI4AAAAAAAAAAAABAAIAAAkgAAAAAAAAAAAAAAAAAAAABnBhcGVycwAQAAgAAMjZor0AAAARAAgAAM4wfv4AAAABABwJWOM/CVM5iglTOYECBE5VAf1QewH8Ez4AAJMlAAIAWE1hY0Jvb2sgUHJvOlVzZXJzOgBha2VlOgBTY2hvb2w6AFVDTEE6ADAwIHRoZXNpczoAdWNsYXRoZXNpczoAcGFwZXJzOgBIYXNoaW1vdG9fMjAwMC5wZGYADgAmABIASABhAHMAaABpAG0AbwB0AG8AXwAyADAAMAAwAC4AcABkAGYADwAYAAsATQBhAGMAQgBvAG8AawAgAFAAcgBvABIARVVzZXJzL2FrZWUvU2Nob29sL1VDTEEvMDAgdGhlc2lzL3VjbGF0aGVzaXMvcGFwZXJzL0hhc2hpbW90b18yMDAwLnBkZgAAEwABLwAAFQACAAv//wAAgAbSGxwdHlokY2xhc3NuYW1lWCRjbGFzc2VzXU5TTXV0YWJsZURhdGGjHR8gVk5TRGF0YVhOU09iamVjdNIbHCIjXE5TRGljdGlvbmFyeaIiIF8QD05TS2V5ZWRBcmNoaXZlctEmJ1Ryb290gAEACAARABoAIwAtADIANwBAAEYATQBVAGAAZwBqAGwAbgBxAHMAdQB3AIQAjgCjAKgAsAKIAooCjwKaAqMCsQK1ArwCxQLKAtcC2gLsAu8C9AAAAAAAAAIBAAAAAAAAACgAAAAAAAAAAAAAAAAAAAL2}}

@article{canetta2007quad,
	Author = {Canetta, Carlo and Chin, Jonathan and Mehrabian, Sevan and Montejo, Ludguier and Thompson, Hendrik},
	Date-Added = {2013-08-16 01:26:49 +0000},
	Date-Modified = {2013-08-16 01:26:49 +0000},
	Journal = {Columbia University, Final Report, Engineering Design, MECE},
	Title = {Quad-rotor Unmanned Aerial Vehicle},
	Volume = {3410},
	Year = {2007},
	Bdsk-File-1 = {YnBsaXN0MDDUAQIDBAUGJCVYJHZlcnNpb25YJG9iamVjdHNZJGFyY2hpdmVyVCR0b3ASAAGGoKgHCBMUFRYaIVUkbnVsbNMJCgsMDxJXTlMua2V5c1pOUy5vYmplY3RzViRjbGFzc6INDoACgAOiEBGABIAFgAdccmVsYXRpdmVQYXRoWWFsaWFzRGF0YV8QEENhbmV0dGFfMjAwNy5wZGbSFwsYGVdOUy5kYXRhTxEBzAAAAAABzAACAAALTWFjQm9vayBQcm8AAAAAAAAAAAAAAAAAAAAAyNlATUgrAAAJWOM/EENhbmV0dGFfMjAwNy5wZGYAAAAAAAAAAAAAAAAAAAAAAAAAAAAAAAAAAAAAAAAAAAAAAAAAAAAAAAAAAAAAAASHjfnLZCs2AAAAAAAAAAAAAQACAAAJIAAAAAAAAAAAAAAAAAAAAAZwYXBlcnMAEAAIAADI2aK9AAAAEQAIAADLZJu2AAAAAQAcCVjjPwlTOYoJUzmBAgROVQH9UHsB/BM+AACTJQACAFZNYWNCb29rIFBybzpVc2VyczoAYWtlZToAU2Nob29sOgBVQ0xBOgAwMCB0aGVzaXM6AHVjbGF0aGVzaXM6AHBhcGVyczoAQ2FuZXR0YV8yMDA3LnBkZgAOACIAEABDAGEAbgBlAHQAdABhAF8AMgAwADAANwAuAHAAZABmAA8AGAALAE0AYQBjAEIAbwBvAGsAIABQAHIAbwASAENVc2Vycy9ha2VlL1NjaG9vbC9VQ0xBLzAwIHRoZXNpcy91Y2xhdGhlc2lzL3BhcGVycy9DYW5ldHRhXzIwMDcucGRmAAATAAEvAAAVAAIAC///AACABtIbHB0eWiRjbGFzc25hbWVYJGNsYXNzZXNdTlNNdXRhYmxlRGF0YaMdHyBWTlNEYXRhWE5TT2JqZWN00hscIiNcTlNEaWN0aW9uYXJ5oiIgXxAPTlNLZXllZEFyY2hpdmVy0SYnVHJvb3SAAQAIABEAGgAjAC0AMgA3AEAARgBNAFUAYABnAGoAbABuAHEAcwB1AHcAhACOAKEApgCuAn4CgAKFApACmQKnAqsCsgK7AsACzQLQAuIC5QLqAAAAAAAAAgEAAAAAAAAAKAAAAAAAAAAAAAAAAAAAAuw=}}

@book{bresciani2008modelling,
	Author = {Bresciani, Tommaso},
	Date-Added = {2013-08-16 01:26:17 +0000},
	Date-Modified = {2013-08-16 01:26:17 +0000},
	Publisher = {Department of Automatic Control, Lund University},
	Title = {Modelling, identification and control of a quadrotor helicopter},
	Year = {2008},
	Bdsk-File-1 = {YnBsaXN0MDDUAQIDBAUGJCVYJHZlcnNpb25YJG9iamVjdHNZJGFyY2hpdmVyVCR0b3ASAAGGoKgHCBMUFRYaIVUkbnVsbNMJCgsMDxJXTlMua2V5c1pOUy5vYmplY3RzViRjbGFzc6INDoACgAOiEBGABIAFgAdccmVsYXRpdmVQYXRoWWFsaWFzRGF0YV8QEkJyZXNjaWFuaV8yMDA4LnBkZtIXCxgZV05TLmRhdGFPEQHUAAAAAAHUAAIAAAtNYWNCb29rIFBybwAAAAAAAAAAAAAAAAAAAADI2UBNSCsAAAlY4z8SQnJlc2NpYW5pXzIwMDgucGRmAAAAAAAAAAAAAAAAAAAAAAAAAAAAAAAAAAAAAAAAAAAAAAAAAAAAAAAAAAAABIePE8tkK9kAAAAAAAAAAAABAAIAAAkgAAAAAAAAAAAAAAAAAAAABnBhcGVycwAQAAgAAMjZor0AAAARAAgAAMtknFkAAAABABwJWOM/CVM5iglTOYECBE5VAf1QewH8Ez4AAJMlAAIAWE1hY0Jvb2sgUHJvOlVzZXJzOgBha2VlOgBTY2hvb2w6AFVDTEE6ADAwIHRoZXNpczoAdWNsYXRoZXNpczoAcGFwZXJzOgBCcmVzY2lhbmlfMjAwOC5wZGYADgAmABIAQgByAGUAcwBjAGkAYQBuAGkAXwAyADAAMAA4AC4AcABkAGYADwAYAAsATQBhAGMAQgBvAG8AawAgAFAAcgBvABIARVVzZXJzL2FrZWUvU2Nob29sL1VDTEEvMDAgdGhlc2lzL3VjbGF0aGVzaXMvcGFwZXJzL0JyZXNjaWFuaV8yMDA4LnBkZgAAEwABLwAAFQACAAv//wAAgAbSGxwdHlokY2xhc3NuYW1lWCRjbGFzc2VzXU5TTXV0YWJsZURhdGGjHR8gVk5TRGF0YVhOU09iamVjdNIbHCIjXE5TRGljdGlvbmFyeaIiIF8QD05TS2V5ZWRBcmNoaXZlctEmJ1Ryb290gAEACAARABoAIwAtADIANwBAAEYATQBVAGAAZwBqAGwAbgBxAHMAdQB3AIQAjgCjAKgAsAKIAooCjwKaAqMCsQK1ArwCxQLKAtcC2gLsAu8C9AAAAAAAAAIBAAAAAAAAACgAAAAAAAAAAAAAAAAAAAL2}}

@book{bramwell2001bramwell,
	Author = {Bramwell, Anthony RS and Balmford, David and Done, George},
	Date-Added = {2013-08-16 01:25:40 +0000},
	Date-Modified = {2013-08-16 01:25:40 +0000},
	Publisher = {Butterworth-Heinemann},
	Title = {Bramwell's helicopter dynamics},
	Year = {2001},
	Bdsk-File-1 = {YnBsaXN0MDDUAQIDBAUGJCVYJHZlcnNpb25YJG9iamVjdHNZJGFyY2hpdmVyVCR0b3ASAAGGoKgHCBMUFRYaIVUkbnVsbNMJCgsMDxJXTlMua2V5c1pOUy5vYmplY3RzViRjbGFzc6INDoACgAOiEBGABIAFgAdccmVsYXRpdmVQYXRoWWFsaWFzRGF0YV8QEUJyYW13ZWxsXzIwMDEucGRm0hcLGBlXTlMuZGF0YU8RAdAAAAAAAdAAAgAAC01hY0Jvb2sgUHJvAAAAAAAAAAAAAAAAAAAAAMjZQE1IKwAACVjjPxFCcmFtd2VsbF8yMDAxLnBkZgAAAAAAAAAAAAAAAAAAAAAAAAAAAAAAAAAAAAAAAAAAAAAAAAAAAAAAAAAAAAAEh48Py3aLAwAAAAAAAAAAAAEAAgAACSAAAAAAAAAAAAAAAAAAAAAGcGFwZXJzABAACAAAyNmivQAAABEACAAAy3b7gwAAAAEAHAlY4z8JUzmKCVM5gQIETlUB/VB7AfwTPgAAkyUAAgBXTWFjQm9vayBQcm86VXNlcnM6AGFrZWU6AFNjaG9vbDoAVUNMQToAMDAgdGhlc2lzOgB1Y2xhdGhlc2lzOgBwYXBlcnM6AEJyYW13ZWxsXzIwMDEucGRmAAAOACQAEQBCAHIAYQBtAHcAZQBsAGwAXwAyADAAMAAxAC4AcABkAGYADwAYAAsATQBhAGMAQgBvAG8AawAgAFAAcgBvABIARFVzZXJzL2FrZWUvU2Nob29sL1VDTEEvMDAgdGhlc2lzL3VjbGF0aGVzaXMvcGFwZXJzL0JyYW13ZWxsXzIwMDEucGRmABMAAS8AABUAAgAL//8AAIAG0hscHR5aJGNsYXNzbmFtZVgkY2xhc3Nlc11OU011dGFibGVEYXRhox0fIFZOU0RhdGFYTlNPYmplY3TSGxwiI1xOU0RpY3Rpb25hcnmiIiBfEA9OU0tleWVkQXJjaGl2ZXLRJidUcm9vdIABAAgAEQAaACMALQAyADcAQABGAE0AVQBgAGcAagBsAG4AcQBzAHUAdwCEAI4AogCnAK8CgwKFAooClQKeAqwCsAK3AsACxQLSAtUC5wLqAu8AAAAAAAACAQAAAAAAAAAoAAAAAAAAAAAAAAAAAAAC8Q==}}

@inproceedings{bouabdallah2005backstepping,
	Author = {Bouabdallah, Samir and Siegwart, Roland},
	Booktitle = {Robotics and Automation, 2005. ICRA 2005. Proceedings of the 2005 IEEE International Conference on},
	Date-Added = {2013-08-16 01:24:35 +0000},
	Date-Modified = {2013-08-16 01:24:35 +0000},
	Organization = {IEEE},
	Pages = {2247--2252},
	Title = {Backstepping and sliding-mode techniques applied to an indoor micro quadrotor},
	Year = {2005},
	Bdsk-File-1 = {YnBsaXN0MDDUAQIDBAUGJCVYJHZlcnNpb25YJG9iamVjdHNZJGFyY2hpdmVyVCR0b3ASAAGGoKgHCBMUFRYaIVUkbnVsbNMJCgsMDxJXTlMua2V5c1pOUy5vYmplY3RzViRjbGFzc6INDoACgAOiEBGABIAFgAdccmVsYXRpdmVQYXRoWWFsaWFzRGF0YV8QFEJvdWFiZGFsbGFoXzIwMDUucGRm0hcLGBlXTlMuZGF0YU8RAdwAAAAAAdwAAgAAC01hY0Jvb2sgUHJvAAAAAAAAAAAAAAAAAAAAAMjZQE1IKwAACVjjPxRCb3VhYmRhbGxhaF8yMDA1LnBkZgAAAAAAAAAAAAAAAAAAAAAAAAAAAAAAAAAAAAAAAAAAAAAAAAAAAAAAAAAEh47ey3Zf/wAAAAAAAAAAAAEAAgAACSAAAAAAAAAAAAAAAAAAAAAGcGFwZXJzABAACAAAyNmivQAAABEACAAAy3bQfwAAAAEAHAlY4z8JUzmKCVM5gQIETlUB/VB7AfwTPgAAkyUAAgBaTWFjQm9vayBQcm86VXNlcnM6AGFrZWU6AFNjaG9vbDoAVUNMQToAMDAgdGhlc2lzOgB1Y2xhdGhlc2lzOgBwYXBlcnM6AEJvdWFiZGFsbGFoXzIwMDUucGRmAA4AKgAUAEIAbwB1AGEAYgBkAGEAbABsAGEAaABfADIAMAAwADUALgBwAGQAZgAPABgACwBNAGEAYwBCAG8AbwBrACAAUAByAG8AEgBHVXNlcnMvYWtlZS9TY2hvb2wvVUNMQS8wMCB0aGVzaXMvdWNsYXRoZXNpcy9wYXBlcnMvQm91YWJkYWxsYWhfMjAwNS5wZGYAABMAAS8AABUAAgAL//8AAIAG0hscHR5aJGNsYXNzbmFtZVgkY2xhc3Nlc11OU011dGFibGVEYXRhox0fIFZOU0RhdGFYTlNPYmplY3TSGxwiI1xOU0RpY3Rpb25hcnmiIiBfEA9OU0tleWVkQXJjaGl2ZXLRJidUcm9vdIABAAgAEQAaACMALQAyADcAQABGAE0AVQBgAGcAagBsAG4AcQBzAHUAdwCEAI4ApQCqALICkgKUApkCpAKtArsCvwLGAs8C1ALhAuQC9gL5Av4AAAAAAAACAQAAAAAAAAAoAAAAAAAAAAAAAAAAAAADAA==}}

@article{benallegue2008high,
	Author = {Benallegue, A and Mokhtari, A and Fridman, L},
	Date-Added = {2013-08-16 01:23:25 +0000},
	Date-Modified = {2013-08-16 01:23:25 +0000},
	Journal = {International Journal of Robust and Nonlinear Control},
	Number = {4-5},
	Pages = {427--440},
	Publisher = {Wiley Online Library},
	Title = {High-order sliding-mode observer for a quadrotor UAV},
	Volume = {18},
	Year = {2008},
	Bdsk-File-1 = {YnBsaXN0MDDUAQIDBAUGJCVYJHZlcnNpb25YJG9iamVjdHNZJGFyY2hpdmVyVCR0b3ASAAGGoKgHCBMUFRYaIVUkbnVsbNMJCgsMDxJXTlMua2V5c1pOUy5vYmplY3RzViRjbGFzc6INDoACgAOiEBGABIAFgAdccmVsYXRpdmVQYXRoWWFsaWFzRGF0YV8QE0JlbmFsbGVndWVfMjAwOC5wZGbSFwsYGVdOUy5kYXRhTxEB2AAAAAAB2AACAAALTWFjQm9vayBQcm8AAAAAAAAAAAAAAAAAAAAAyNlATUgrAAAJWOM/E0JlbmFsbGVndWVfMjAwOC5wZGYAAAAAAAAAAAAAAAAAAAAAAAAAAAAAAAAAAAAAAAAAAAAAAAAAAAAAAAAAAASHju3LZt47AAAAAAAAAAAAAQACAAAJIAAAAAAAAAAAAAAAAAAAAAZwYXBlcnMAEAAIAADI2aK9AAAAEQAIAADLZ067AAAAAQAcCVjjPwlTOYoJUzmBAgROVQH9UHsB/BM+AACTJQACAFlNYWNCb29rIFBybzpVc2VyczoAYWtlZToAU2Nob29sOgBVQ0xBOgAwMCB0aGVzaXM6AHVjbGF0aGVzaXM6AHBhcGVyczoAQmVuYWxsZWd1ZV8yMDA4LnBkZgAADgAoABMAQgBlAG4AYQBsAGwAZQBnAHUAZQBfADIAMAAwADgALgBwAGQAZgAPABgACwBNAGEAYwBCAG8AbwBrACAAUAByAG8AEgBGVXNlcnMvYWtlZS9TY2hvb2wvVUNMQS8wMCB0aGVzaXMvdWNsYXRoZXNpcy9wYXBlcnMvQmVuYWxsZWd1ZV8yMDA4LnBkZgATAAEvAAAVAAIAC///AACABtIbHB0eWiRjbGFzc25hbWVYJGNsYXNzZXNdTlNNdXRhYmxlRGF0YaMdHyBWTlNEYXRhWE5TT2JqZWN00hscIiNcTlNEaWN0aW9uYXJ5oiIgXxAPTlNLZXllZEFyY2hpdmVy0SYnVHJvb3SAAQAIABEAGgAjAC0AMgA3AEAARgBNAFUAYABnAGoAbABuAHEAcwB1AHcAhACOAKQAqQCxAo0CjwKUAp8CqAK2AroCwQLKAs8C3ALfAvEC9AL5AAAAAAAAAgEAAAAAAAAAKAAAAAAAAAAAAAAAAAAAAvs=}}

@article{beard2008quadrotor,
	Author = {Beard, Randal W},
	Date-Added = {2013-08-16 01:23:00 +0000},
	Date-Modified = {2013-08-16 01:23:00 +0000},
	Journal = {Brigham Young University},
	Title = {Quadrotor dynamics and control},
	Year = {2008},
	Bdsk-File-1 = {YnBsaXN0MDDUAQIDBAUGJCVYJHZlcnNpb25YJG9iamVjdHNZJGFyY2hpdmVyVCR0b3ASAAGGoKgHCBMUFRYaIVUkbnVsbNMJCgsMDxJXTlMua2V5c1pOUy5vYmplY3RzViRjbGFzc6INDoACgAOiEBGABIAFgAdccmVsYXRpdmVQYXRoWWFsaWFzRGF0YV5CZWFyZF8yMDA4LnBkZtIXCxgZV05TLmRhdGFPEQHEAAAAAAHEAAIAAAtNYWNCb29rIFBybwAAAAAAAAAAAAAAAAAAAADI2UBNSCsAAAlY4z8OQmVhcmRfMjAwOC5wZGYAAAAAAAAAAAAAAAAAAAAAAAAAAAAAAAAAAAAAAAAAAAAAAAAAAAAAAAAAAAAAAAAABIeO/stkK58AAAAAAAAAAAABAAIAAAkgAAAAAAAAAAAAAAAAAAAABnBhcGVycwAQAAgAAMjZor0AAAARAAgAAMtknB8AAAABABwJWOM/CVM5iglTOYECBE5VAf1QewH8Ez4AAJMlAAIAVE1hY0Jvb2sgUHJvOlVzZXJzOgBha2VlOgBTY2hvb2w6AFVDTEE6ADAwIHRoZXNpczoAdWNsYXRoZXNpczoAcGFwZXJzOgBCZWFyZF8yMDA4LnBkZgAOAB4ADgBCAGUAYQByAGQAXwAyADAAMAA4AC4AcABkAGYADwAYAAsATQBhAGMAQgBvAG8AawAgAFAAcgBvABIAQVVzZXJzL2FrZWUvU2Nob29sL1VDTEEvMDAgdGhlc2lzL3VjbGF0aGVzaXMvcGFwZXJzL0JlYXJkXzIwMDgucGRmAAATAAEvAAAVAAIAC///AACABtIbHB0eWiRjbGFzc25hbWVYJGNsYXNzZXNdTlNNdXRhYmxlRGF0YaMdHyBWTlNEYXRhWE5TT2JqZWN00hscIiNcTlNEaWN0aW9uYXJ5oiIgXxAPTlNLZXllZEFyY2hpdmVy0SYnVHJvb3SAAQAIABEAGgAjAC0AMgA3AEAARgBNAFUAYABnAGoAbABuAHEAcwB1AHcAhACOAJ0AogCqAnICdAJ5AoQCjQKbAp8CpgKvArQCwQLEAtYC2QLeAAAAAAAAAgEAAAAAAAAAKAAAAAAAAAAAAAAAAAAAAuA=}}

@article{balas2007modelling,
	Author = {Balas, C},
	Date-Added = {2013-08-16 01:22:32 +0000},
	Date-Modified = {2013-08-16 01:22:32 +0000},
	Publisher = {Cranfield University},
	Title = {Modelling and linear control of a quadrotor},
	Year = {2007},
	Bdsk-File-1 = {YnBsaXN0MDDUAQIDBAUGJCVYJHZlcnNpb25YJG9iamVjdHNZJGFyY2hpdmVyVCR0b3ASAAGGoKgHCBMUFRYaIVUkbnVsbNMJCgsMDxJXTlMua2V5c1pOUy5vYmplY3RzViRjbGFzc6INDoACgAOiEBGABIAFgAdccmVsYXRpdmVQYXRoWWFsaWFzRGF0YV5CYWxhc18yMDA3LnBkZtIXCxgZV05TLmRhdGFPEQHEAAAAAAHEAAIAAAtNYWNCb29rIFBybwAAAAAAAAAAAAAAAAAAAADI2UBNSCsAAAlY4z8OQmFsYXNfMjAwNy5wZGYAAAAAAAAAAAAAAAAAAAAAAAAAAAAAAAAAAAAAAAAAAAAAAAAAAAAAAAAAAAAAAAAABIePEsuNKo8AAAAAAAAAAAABAAIAAAkgAAAAAAAAAAAAAAAAAAAABnBhcGVycwAQAAgAAMjZor0AAAARAAgAAMuNjP8AAAABABwJWOM/CVM5iglTOYECBE5VAf1QewH8Ez4AAJMlAAIAVE1hY0Jvb2sgUHJvOlVzZXJzOgBha2VlOgBTY2hvb2w6AFVDTEE6ADAwIHRoZXNpczoAdWNsYXRoZXNpczoAcGFwZXJzOgBCYWxhc18yMDA3LnBkZgAOAB4ADgBCAGEAbABhAHMAXwAyADAAMAA3AC4AcABkAGYADwAYAAsATQBhAGMAQgBvAG8AawAgAFAAcgBvABIAQVVzZXJzL2FrZWUvU2Nob29sL1VDTEEvMDAgdGhlc2lzL3VjbGF0aGVzaXMvcGFwZXJzL0JhbGFzXzIwMDcucGRmAAATAAEvAAAVAAIAC///AACABtIbHB0eWiRjbGFzc25hbWVYJGNsYXNzZXNdTlNNdXRhYmxlRGF0YaMdHyBWTlNEYXRhWE5TT2JqZWN00hscIiNcTlNEaWN0aW9uYXJ5oiIgXxAPTlNLZXllZEFyY2hpdmVy0SYnVHJvb3SAAQAIABEAGgAjAC0AMgA3AEAARgBNAFUAYABnAGoAbABuAHEAcwB1AHcAhACOAJ0AogCqAnICdAJ5AoQCjQKbAp8CpgKvArQCwQLEAtYC2QLeAAAAAAAAAgEAAAAAAAAAKAAAAAAAAAAAAAAAAAAAAuA=}}

@article{hemakumaralearning,
	Author = {Hemakumara, Prasad and Sukkarieh, Salah},
	Date-Added = {2013-08-16 01:21:17 +0000},
	Date-Modified = {2013-08-16 01:21:17 +0000},
	Publisher = {IEEE},
	Title = {Learning UAV Stability and Control Derivatives Using Gaussian Processes},
	Bdsk-File-1 = {YnBsaXN0MDDUAQIDBAUGJCVYJHZlcnNpb25YJG9iamVjdHNZJGFyY2hpdmVyVCR0b3ASAAGGoKgHCBMUFRYaIVUkbnVsbNMJCgsMDxJXTlMua2V5c1pOUy5vYmplY3RzViRjbGFzc6INDoACgAOiEBGABIAFgAdccmVsYXRpdmVQYXRoWWFsaWFzRGF0YV8QIi4uLy4uLy4uLy4uLy4uLy5UcmFzaC8wNjUxNDA3OS5wZGbSFwsYGVdOUy5kYXRhTxEBZgAAAAABZgACAAALTWFjQm9vayBQcm8AAAAAAAAAAAAAAAAAAAAAyNlATUgrAAAJVqHVDDA2NTE0MDc5LnBkZgAAAAAAAAAAAAAAAAAAAAAAAAAAAAAAAAAAAAAAAAAAAAAAAAAAAAAAAAAAAAAAAAAAAAlYwhvOMB0JAAAAAAAAAAAABQACAAAJIAAAAAAAAAAAAAAAAAAAAAYuVHJhc2gAEAAIAADI2aK9AAAAEQAIAADOMH95AAAAAQAMCVah1QH8Ez4AAJMlAAIALU1hY0Jvb2sgUHJvOlVzZXJzOgBha2VlOgAuVHJhc2g6ADA2NTE0MDc5LnBkZgAADgAaAAwAMAA2ADUAMQA0ADAANwA5AC4AcABkAGYADwAYAAsATQBhAGMAQgBvAG8AawAgAFAAcgBvABIAHlVzZXJzL2FrZWUvLlRyYXNoLzA2NTE0MDc5LnBkZgATAAEvAAAVAAIAC///AACABtIbHB0eWiRjbGFzc25hbWVYJGNsYXNzZXNdTlNNdXRhYmxlRGF0YaMdHyBWTlNEYXRhWE5TT2JqZWN00hscIiNcTlNEaWN0aW9uYXJ5oiIgXxAPTlNLZXllZEFyY2hpdmVy0SYnVHJvb3SAAQAIABEAGgAjAC0AMgA3AEAARgBNAFUAYABnAGoAbABuAHEAcwB1AHcAhACOALMAuADAAioCLAIxAjwCRQJTAlcCXgJnAmwCeQJ8Ao4CkQKWAAAAAAAAAgEAAAAAAAAAKAAAAAAAAAAAAAAAAAAAApg=}}

@inproceedings{schreier2012modeling,
	Author = {Schreier, Matthias},
	Booktitle = {Mechatronics and Automation (ICMA), 2012 International Conference on},
	Date-Added = {2013-08-16 01:20:49 +0000},
	Date-Modified = {2013-08-16 01:20:49 +0000},
	Organization = {IEEE},
	Pages = {383--390},
	Title = {Modeling and adaptive control of a quadrotor},
	Year = {2012},
	Bdsk-File-1 = {YnBsaXN0MDDUAQIDBAUGJCVYJHZlcnNpb25YJG9iamVjdHNZJGFyY2hpdmVyVCR0b3ASAAGGoKgHCBMUFRYaIVUkbnVsbNMJCgsMDxJXTlMua2V5c1pOUy5vYmplY3RzViRjbGFzc6INDoACgAOiEBGABIAFgAdccmVsYXRpdmVQYXRoWWFsaWFzRGF0YV8QEVNjaHJlaWVyXzIwMTIucGRm0hcLGBlXTlMuZGF0YU8RAdAAAAAAAdAAAgAAC01hY0Jvb2sgUHJvAAAAAAAAAAAAAAAAAAAAAMjZQE1IKwAACVjjPxFTY2hyZWllcl8yMDEyLnBkZgAAAAAAAAAAAAAAAAAAAAAAAAAAAAAAAAAAAAAAAAAAAAAAAAAAAAAAAAAAAAAJWMIdzjAdCQAAAAAAAAAAAAEAAgAACSAAAAAAAAAAAAAAAAAAAAAGcGFwZXJzABAACAAAyNmivQAAABEACAAAzjB/eQAAAAEAHAlY4z8JUzmKCVM5gQIETlUB/VB7AfwTPgAAkyUAAgBXTWFjQm9vayBQcm86VXNlcnM6AGFrZWU6AFNjaG9vbDoAVUNMQToAMDAgdGhlc2lzOgB1Y2xhdGhlc2lzOgBwYXBlcnM6AFNjaHJlaWVyXzIwMTIucGRmAAAOACQAEQBTAGMAaAByAGUAaQBlAHIAXwAyADAAMQAyAC4AcABkAGYADwAYAAsATQBhAGMAQgBvAG8AawAgAFAAcgBvABIARFVzZXJzL2FrZWUvU2Nob29sL1VDTEEvMDAgdGhlc2lzL3VjbGF0aGVzaXMvcGFwZXJzL1NjaHJlaWVyXzIwMTIucGRmABMAAS8AABUAAgAL//8AAIAG0hscHR5aJGNsYXNzbmFtZVgkY2xhc3Nlc11OU011dGFibGVEYXRhox0fIFZOU0RhdGFYTlNPYmplY3TSGxwiI1xOU0RpY3Rpb25hcnmiIiBfEA9OU0tleWVkQXJjaGl2ZXLRJidUcm9vdIABAAgAEQAaACMALQAyADcAQABGAE0AVQBgAGcAagBsAG4AcQBzAHUAdwCEAI4AogCnAK8CgwKFAooClQKeAqwCsAK3AsACxQLSAtUC5wLqAu8AAAAAAAACAQAAAAAAAAAoAAAAAAAAAAAAAAAAAAAC8Q==}}

@inproceedings{nong2011system,
	Author = {Nong, Yulin and Qi, Zaikang and Lin, Defu},
	Booktitle = {Intelligent Control and Automation (WCICA), 2011 9th World Congress on},
	Date-Added = {2013-08-16 01:20:22 +0000},
	Date-Modified = {2013-08-16 01:20:22 +0000},
	Organization = {IEEE},
	Pages = {711--718},
	Title = {System identification of a small unmanned aerial vehicle based on time and frequency domain technologies},
	Year = {2011},
	Bdsk-File-1 = {YnBsaXN0MDDUAQIDBAUGJCVYJHZlcnNpb25YJG9iamVjdHNZJGFyY2hpdmVyVCR0b3ASAAGGoKgHCBMUFRYaIVUkbnVsbNMJCgsMDxJXTlMua2V5c1pOUy5vYmplY3RzViRjbGFzc6INDoACgAOiEBGABIAFgAdccmVsYXRpdmVQYXRoWWFsaWFzRGF0YV1Ob25nXzIwMTEucGRm0hcLGBlXTlMuZGF0YU8RAcAAAAAAAcAAAgAAC01hY0Jvb2sgUHJvAAAAAAAAAAAAAAAAAAAAAMjZQE1IKwAACVjjPw1Ob25nXzIwMTEucGRmAAAAAAAAAAAAAAAAAAAAAAAAAAAAAAAAAAAAAAAAAAAAAAAAAAAAAAAAAAAAAAAAAAAJWMJQzjAdKQAAAAAAAAAAAAEAAgAACSAAAAAAAAAAAAAAAAAAAAAGcGFwZXJzABAACAAAyNmivQAAABEACAAAzjB/mQAAAAEAHAlY4z8JUzmKCVM5gQIETlUB/VB7AfwTPgAAkyUAAgBTTWFjQm9vayBQcm86VXNlcnM6AGFrZWU6AFNjaG9vbDoAVUNMQToAMDAgdGhlc2lzOgB1Y2xhdGhlc2lzOgBwYXBlcnM6AE5vbmdfMjAxMS5wZGYAAA4AHAANAE4AbwBuAGcAXwAyADAAMQAxAC4AcABkAGYADwAYAAsATQBhAGMAQgBvAG8AawAgAFAAcgBvABIAQFVzZXJzL2FrZWUvU2Nob29sL1VDTEEvMDAgdGhlc2lzL3VjbGF0aGVzaXMvcGFwZXJzL05vbmdfMjAxMS5wZGYAEwABLwAAFQACAAv//wAAgAbSGxwdHlokY2xhc3NuYW1lWCRjbGFzc2VzXU5TTXV0YWJsZURhdGGjHR8gVk5TRGF0YVhOU09iamVjdNIbHCIjXE5TRGljdGlvbmFyeaIiIF8QD05TS2V5ZWRBcmNoaXZlctEmJ1Ryb290gAEACAARABoAIwAtADIANwBAAEYATQBVAGAAZwBqAGwAbgBxAHMAdQB3AIQAjgCcAKEAqQJtAm8CdAJ/AogClgKaAqECqgKvArwCvwLRAtQC2QAAAAAAAAIBAAAAAAAAACgAAAAAAAAAAAAAAAAAAALb}}

@inproceedings{khalil2010system,
	Author = {Khalil, Baha and Yesildirek, Aydin},
	Booktitle = {Mechatronics and its Applications (ISMA), 2010 7th International Symposium on},
	Date-Added = {2013-08-16 01:19:57 +0000},
	Date-Modified = {2013-08-16 01:19:57 +0000},
	Organization = {IEEE},
	Pages = {1--5},
	Title = {System identification of UAV under an autopilot trajectory using ARX and Hammerstein-Wiener methods},
	Year = {2010},
	Bdsk-File-1 = {YnBsaXN0MDDUAQIDBAUGJCVYJHZlcnNpb25YJG9iamVjdHNZJGFyY2hpdmVyVCR0b3ASAAGGoKgHCBMUFRYaIVUkbnVsbNMJCgsMDxJXTlMua2V5c1pOUy5vYmplY3RzViRjbGFzc6INDoACgAOiEBGABIAFgAdccmVsYXRpdmVQYXRoWWFsaWFzRGF0YV8QD0toYWxpbF8yMDEwLnBkZtIXCxgZV05TLmRhdGFPEQHIAAAAAAHIAAIAAAtNYWNCb29rIFBybwAAAAAAAAAAAAAAAAAAAADI2UBNSCsAAAlY4z8PS2hhbGlsXzIwMTAucGRmAAAAAAAAAAAAAAAAAAAAAAAAAAAAAAAAAAAAAAAAAAAAAAAAAAAAAAAAAAAAAAAACVjCUs4wHSkAAAAAAAAAAAABAAIAAAkgAAAAAAAAAAAAAAAAAAAABnBhcGVycwAQAAgAAMjZor0AAAARAAgAAM4wf5kAAAABABwJWOM/CVM5iglTOYECBE5VAf1QewH8Ez4AAJMlAAIAVU1hY0Jvb2sgUHJvOlVzZXJzOgBha2VlOgBTY2hvb2w6AFVDTEE6ADAwIHRoZXNpczoAdWNsYXRoZXNpczoAcGFwZXJzOgBLaGFsaWxfMjAxMC5wZGYAAA4AIAAPAEsAaABhAGwAaQBsAF8AMgAwADEAMAAuAHAAZABmAA8AGAALAE0AYQBjAEIAbwBvAGsAIABQAHIAbwASAEJVc2Vycy9ha2VlL1NjaG9vbC9VQ0xBLzAwIHRoZXNpcy91Y2xhdGhlc2lzL3BhcGVycy9LaGFsaWxfMjAxMC5wZGYAEwABLwAAFQACAAv//wAAgAbSGxwdHlokY2xhc3NuYW1lWCRjbGFzc2VzXU5TTXV0YWJsZURhdGGjHR8gVk5TRGF0YVhOU09iamVjdNIbHCIjXE5TRGljdGlvbmFyeaIiIF8QD05TS2V5ZWRBcmNoaXZlctEmJ1Ryb290gAEACAARABoAIwAtADIANwBAAEYATQBVAGAAZwBqAGwAbgBxAHMAdQB3AIQAjgCgAKUArQJ5AnsCgAKLApQCogKmAq0CtgK7AsgCywLdAuAC5QAAAAAAAAIBAAAAAAAAACgAAAAAAAAAAAAAAAAAAALn}}

@inproceedings{al2009arf60,
	Author = {Al-Radaideh, Amer and Al-Jarrah, MA and Jhemi, Ali and Dhaouadi, R},
	Booktitle = {Mechatronics and its Applications, 2009. ISMA'09. 6th International Symposium on},
	Date-Added = {2013-08-16 01:19:13 +0000},
	Date-Modified = {2013-08-16 01:19:13 +0000},
	Organization = {IEEE},
	Pages = {1--11},
	Title = {ARF60 AUS-UAV modeling, system identification, guidance and control: Validation through hardware in the loop simulation},
	Year = {2009},
	Bdsk-File-1 = {YnBsaXN0MDDUAQIDBAUGJCVYJHZlcnNpb25YJG9iamVjdHNZJGFyY2hpdmVyVCR0b3ASAAGGoKgHCBMUFRYaIVUkbnVsbNMJCgsMDxJXTlMua2V5c1pOUy5vYmplY3RzViRjbGFzc6INDoACgAOiEBGABIAFgAdccmVsYXRpdmVQYXRoWWFsaWFzRGF0YV8QFEFsLVJhZGFpZGVoXzIwMDkucGRm0hcLGBlXTlMuZGF0YU8RAdwAAAAAAdwAAgAAC01hY0Jvb2sgUHJvAAAAAAAAAAAAAAAAAAAAAMjZQE1IKwAACVjjPxRBbC1SYWRhaWRlaF8yMDA5LnBkZgAAAAAAAAAAAAAAAAAAAAAAAAAAAAAAAAAAAAAAAAAAAAAAAAAAAAAAAAAJWMG5zjAchQAAAAAAAAAAAAEAAgAACSAAAAAAAAAAAAAAAAAAAAAGcGFwZXJzABAACAAAyNmivQAAABEACAAAzjB+9QAAAAEAHAlY4z8JUzmKCVM5gQIETlUB/VB7AfwTPgAAkyUAAgBaTWFjQm9vayBQcm86VXNlcnM6AGFrZWU6AFNjaG9vbDoAVUNMQToAMDAgdGhlc2lzOgB1Y2xhdGhlc2lzOgBwYXBlcnM6AEFsLVJhZGFpZGVoXzIwMDkucGRmAA4AKgAUAEEAbAAtAFIAYQBkAGEAaQBkAGUAaABfADIAMAAwADkALgBwAGQAZgAPABgACwBNAGEAYwBCAG8AbwBrACAAUAByAG8AEgBHVXNlcnMvYWtlZS9TY2hvb2wvVUNMQS8wMCB0aGVzaXMvdWNsYXRoZXNpcy9wYXBlcnMvQWwtUmFkYWlkZWhfMjAwOS5wZGYAABMAAS8AABUAAgAL//8AAIAG0hscHR5aJGNsYXNzbmFtZVgkY2xhc3Nlc11OU011dGFibGVEYXRhox0fIFZOU0RhdGFYTlNPYmplY3TSGxwiI1xOU0RpY3Rpb25hcnmiIiBfEA9OU0tleWVkQXJjaGl2ZXLRJidUcm9vdIABAAgAEQAaACMALQAyADcAQABGAE0AVQBgAGcAagBsAG4AcQBzAHUAdwCEAI4ApQCqALICkgKUApkCpAKtArsCvwLGAs8C1ALhAuQC9gL5Av4AAAAAAAACAQAAAAAAAAAoAAAAAAAAAAAAAAAAAAADAA==}}

@inproceedings{koos2009automatic,
	Author = {Koos, Sylvain and Mouret, J-B and Doncieux, St{\'e}phane},
	Booktitle = {Evolutionary Computation, 2009. CEC'09. IEEE Congress on},
	Date-Added = {2013-08-16 01:16:49 +0000},
	Date-Modified = {2013-08-16 01:16:49 +0000},
	Organization = {IEEE},
	Pages = {560--567},
	Title = {Automatic system identification based on coevolution of models and tests},
	Year = {2009},
	Bdsk-File-1 = {YnBsaXN0MDDUAQIDBAUGJCVYJHZlcnNpb25YJG9iamVjdHNZJGFyY2hpdmVyVCR0b3ASAAGGoKgHCBMUFRYaIVUkbnVsbNMJCgsMDxJXTlMua2V5c1pOUy5vYmplY3RzViRjbGFzc6INDoACgAOiEBGABIAFgAdccmVsYXRpdmVQYXRoWWFsaWFzRGF0YV1Lb29zXzIwMDkucGRm0hcLGBlXTlMuZGF0YU8RAcAAAAAAAcAAAgAAC01hY0Jvb2sgUHJvAAAAAAAAAAAAAAAAAAAAAMjZQE1IKwAACVjjPw1Lb29zXzIwMDkucGRmAAAAAAAAAAAAAAAAAAAAAAAAAAAAAAAAAAAAAAAAAAAAAAAAAAAAAAAAAAAAAAAAAAAJWMHBzjAcigAAAAAAAAAAAAEAAgAACSAAAAAAAAAAAAAAAAAAAAAGcGFwZXJzABAACAAAyNmivQAAABEACAAAzjB++gAAAAEAHAlY4z8JUzmKCVM5gQIETlUB/VB7AfwTPgAAkyUAAgBTTWFjQm9vayBQcm86VXNlcnM6AGFrZWU6AFNjaG9vbDoAVUNMQToAMDAgdGhlc2lzOgB1Y2xhdGhlc2lzOgBwYXBlcnM6AEtvb3NfMjAwOS5wZGYAAA4AHAANAEsAbwBvAHMAXwAyADAAMAA5AC4AcABkAGYADwAYAAsATQBhAGMAQgBvAG8AawAgAFAAcgBvABIAQFVzZXJzL2FrZWUvU2Nob29sL1VDTEEvMDAgdGhlc2lzL3VjbGF0aGVzaXMvcGFwZXJzL0tvb3NfMjAwOS5wZGYAEwABLwAAFQACAAv//wAAgAbSGxwdHlokY2xhc3NuYW1lWCRjbGFzc2VzXU5TTXV0YWJsZURhdGGjHR8gVk5TRGF0YVhOU09iamVjdNIbHCIjXE5TRGljdGlvbmFyeaIiIF8QD05TS2V5ZWRBcmNoaXZlctEmJ1Ryb290gAEACAARABoAIwAtADIANwBAAEYATQBVAGAAZwBqAGwAbgBxAHMAdQB3AIQAjgCcAKEAqQJtAm8CdAJ/AogClgKaAqECqgKvArwCvwLRAtQC2QAAAAAAAAIBAAAAAAAAACgAAAAAAAAAAAAAAAAAAALb}}

@inproceedings{salman2006real,
	Author = {Salman, Shaaban A and Puttige, Vishwas R and Anavatti, Sreenatha G},
	Booktitle = {Computer Aided Control System Design, 2006 IEEE International Conference on Control Applications, 2006 IEEE International Symposium on Intelligent Control, 2006 IEEE},
	Date-Added = {2013-08-16 01:16:23 +0000},
	Date-Modified = {2013-08-16 01:16:23 +0000},
	Organization = {IEEE},
	Pages = {2138--2143},
	Title = {Real-time validation and comparison of fuzzy identification and state-space identification for a uav platform},
	Year = {2006},
	Bdsk-File-1 = {YnBsaXN0MDDUAQIDBAUGJCVYJHZlcnNpb25YJG9iamVjdHNZJGFyY2hpdmVyVCR0b3ASAAGGoKgHCBMUFRYaIVUkbnVsbNMJCgsMDxJXTlMua2V5c1pOUy5vYmplY3RzViRjbGFzc6INDoACgAOiEBGABIAFgAdccmVsYXRpdmVQYXRoWWFsaWFzRGF0YV8QD1NhbG1hbl8yMDA2LnBkZtIXCxgZV05TLmRhdGFPEQHIAAAAAAHIAAIAAAtNYWNCb29rIFBybwAAAAAAAAAAAAAAAAAAAADI2UBNSCsAAAlY4z8PU2FsbWFuXzIwMDYucGRmAAAAAAAAAAAAAAAAAAAAAAAAAAAAAAAAAAAAAAAAAAAAAAAAAAAAAAAAAAAAAAAACVjCIc4wHQkAAAAAAAAAAAABAAIAAAkgAAAAAAAAAAAAAAAAAAAABnBhcGVycwAQAAgAAMjZor0AAAARAAgAAM4wf3kAAAABABwJWOM/CVM5iglTOYECBE5VAf1QewH8Ez4AAJMlAAIAVU1hY0Jvb2sgUHJvOlVzZXJzOgBha2VlOgBTY2hvb2w6AFVDTEE6ADAwIHRoZXNpczoAdWNsYXRoZXNpczoAcGFwZXJzOgBTYWxtYW5fMjAwNi5wZGYAAA4AIAAPAFMAYQBsAG0AYQBuAF8AMgAwADAANgAuAHAAZABmAA8AGAALAE0AYQBjAEIAbwBvAGsAIABQAHIAbwASAEJVc2Vycy9ha2VlL1NjaG9vbC9VQ0xBLzAwIHRoZXNpcy91Y2xhdGhlc2lzL3BhcGVycy9TYWxtYW5fMjAwNi5wZGYAEwABLwAAFQACAAv//wAAgAbSGxwdHlokY2xhc3NuYW1lWCRjbGFzc2VzXU5TTXV0YWJsZURhdGGjHR8gVk5TRGF0YVhOU09iamVjdNIbHCIjXE5TRGljdGlvbmFyeaIiIF8QD05TS2V5ZWRBcmNoaXZlctEmJ1Ryb290gAEACAARABoAIwAtADIANwBAAEYATQBVAGAAZwBqAGwAbgBxAHMAdQB3AIQAjgCgAKUArQJ5AnsCgAKLApQCogKmAq0CtgK7AsgCywLdAuAC5QAAAAAAAAIBAAAAAAAAACgAAAAAAAAAAAAAAAAAAALn}}

@inproceedings{kallapur2008ukf,
	Author = {Kallapur, Abhijit and Samal, Mahendra and Puttige, Vishwas and Anavatti, Sreenatha and Garratt, Matthew},
	Booktitle = {Intelligent Transportation Systems, 2008. ITSC 2008. 11th International IEEE Conference on},
	Date-Added = {2013-08-16 01:15:46 +0000},
	Date-Modified = {2013-08-16 01:15:46 +0000},
	Organization = {IEEE},
	Pages = {1021--1026},
	Title = {A ukf-nn framework for system identification of small unmanned aerial vehicles},
	Year = {2008},
	Bdsk-File-1 = {YnBsaXN0MDDUAQIDBAUGJCVYJHZlcnNpb25YJG9iamVjdHNZJGFyY2hpdmVyVCR0b3ASAAGGoKgHCBMUFRYaIVUkbnVsbNMJCgsMDxJXTlMua2V5c1pOUy5vYmplY3RzViRjbGFzc6INDoACgAOiEBGABIAFgAdccmVsYXRpdmVQYXRoWWFsaWFzRGF0YV8QEUthbGxhcHVyXzIwMDgucGRm0hcLGBlXTlMuZGF0YU8RAdAAAAAAAdAAAgAAC01hY0Jvb2sgUHJvAAAAAAAAAAAAAAAAAAAAAMjZQE1IKwAACVjjPxFLYWxsYXB1cl8yMDA4LnBkZgAAAAAAAAAAAAAAAAAAAAAAAAAAAAAAAAAAAAAAAAAAAAAAAAAAAAAAAAAAAAAJWMGazjAcbgAAAAAAAAAAAAEAAgAACSAAAAAAAAAAAAAAAAAAAAAGcGFwZXJzABAACAAAyNmivQAAABEACAAAzjB+3gAAAAEAHAlY4z8JUzmKCVM5gQIETlUB/VB7AfwTPgAAkyUAAgBXTWFjQm9vayBQcm86VXNlcnM6AGFrZWU6AFNjaG9vbDoAVUNMQToAMDAgdGhlc2lzOgB1Y2xhdGhlc2lzOgBwYXBlcnM6AEthbGxhcHVyXzIwMDgucGRmAAAOACQAEQBLAGEAbABsAGEAcAB1AHIAXwAyADAAMAA4AC4AcABkAGYADwAYAAsATQBhAGMAQgBvAG8AawAgAFAAcgBvABIARFVzZXJzL2FrZWUvU2Nob29sL1VDTEEvMDAgdGhlc2lzL3VjbGF0aGVzaXMvcGFwZXJzL0thbGxhcHVyXzIwMDgucGRmABMAAS8AABUAAgAL//8AAIAG0hscHR5aJGNsYXNzbmFtZVgkY2xhc3Nlc11OU011dGFibGVEYXRhox0fIFZOU0RhdGFYTlNPYmplY3TSGxwiI1xOU0RpY3Rpb25hcnmiIiBfEA9OU0tleWVkQXJjaGl2ZXLRJidUcm9vdIABAAgAEQAaACMALQAyADcAQABGAE0AVQBgAGcAagBsAG4AcQBzAHUAdwCEAI4AogCnAK8CgwKFAooClQKeAqwCsAK3AsACxQLSAtUC5wLqAu8AAAAAAAACAQAAAAAAAAAoAAAAAAAAAAAAAAAAAAAC8Q==}}

@inproceedings{zhou2006system,
	Author = {Zhou, Zijing and Hu, Jinchun and Liu, Shiqian and Chen, Badong},
	Booktitle = {Computational Engineering in Systems Applications, IMACS Multiconference on},
	Date-Added = {2013-08-16 01:14:35 +0000},
	Date-Modified = {2013-08-16 01:14:35 +0000},
	Organization = {IEEE},
	Pages = {721--726},
	Title = {System Identification of UAV Based on EWC-LMS},
	Volume = {1},
	Year = {2006},
	Bdsk-File-1 = {YnBsaXN0MDDUAQIDBAUGJCVYJHZlcnNpb25YJG9iamVjdHNZJGFyY2hpdmVyVCR0b3ASAAGGoKgHCBMUFRYaIVUkbnVsbNMJCgsMDxJXTlMua2V5c1pOUy5vYmplY3RzViRjbGFzc6INDoACgAOiEBGABIAFgAdccmVsYXRpdmVQYXRoWWFsaWFzRGF0YV1aaG91XzIwMDYucGRm0hcLGBlXTlMuZGF0YU8RAcAAAAAAAcAAAgAAC01hY0Jvb2sgUHJvAAAAAAAAAAAAAAAAAAAAAMjZQE1IKwAACVjjPw1aaG91XzIwMDYucGRmAAAAAAAAAAAAAAAAAAAAAAAAAAAAAAAAAAAAAAAAAAAAAAAAAAAAAAAAAAAAAAAAAAAJWMJRzjAdKQAAAAAAAAAAAAEAAgAACSAAAAAAAAAAAAAAAAAAAAAGcGFwZXJzABAACAAAyNmivQAAABEACAAAzjB/mQAAAAEAHAlY4z8JUzmKCVM5gQIETlUB/VB7AfwTPgAAkyUAAgBTTWFjQm9vayBQcm86VXNlcnM6AGFrZWU6AFNjaG9vbDoAVUNMQToAMDAgdGhlc2lzOgB1Y2xhdGhlc2lzOgBwYXBlcnM6AFpob3VfMjAwNi5wZGYAAA4AHAANAFoAaABvAHUAXwAyADAAMAA2AC4AcABkAGYADwAYAAsATQBhAGMAQgBvAG8AawAgAFAAcgBvABIAQFVzZXJzL2FrZWUvU2Nob29sL1VDTEEvMDAgdGhlc2lzL3VjbGF0aGVzaXMvcGFwZXJzL1pob3VfMjAwNi5wZGYAEwABLwAAFQACAAv//wAAgAbSGxwdHlokY2xhc3NuYW1lWCRjbGFzc2VzXU5TTXV0YWJsZURhdGGjHR8gVk5TRGF0YVhOU09iamVjdNIbHCIjXE5TRGljdGlvbmFyeaIiIF8QD05TS2V5ZWRBcmNoaXZlctEmJ1Ryb290gAEACAARABoAIwAtADIANwBAAEYATQBVAGAAZwBqAGwAbgBxAHMAdQB3AIQAjgCcAKEAqQJtAm8CdAJ/AogClgKaAqECqgKvArwCvwLRAtQC2QAAAAAAAAIBAAAAAAAAACgAAAAAAAAAAAAAAAAAAALb}}

@incollection{abid2014system,
	Author = {Abid, F and Chevallier, G and Blanchard, JL and Dion, JL and Dauchez, N},
	Booktitle = {Topics in Modal Analysis, Volume 7},
	Date-Added = {2013-08-16 01:13:39 +0000},
	Date-Modified = {2013-08-16 01:13:39 +0000},
	Pages = {561--573},
	Publisher = {Springer},
	Title = {System Identification Using Kalman Filters},
	Year = {2014},
	Bdsk-File-1 = {YnBsaXN0MDDUAQIDBAUGJCVYJHZlcnNpb25YJG9iamVjdHNZJGFyY2hpdmVyVCR0b3ASAAGGoKgHCBMUFRYaIVUkbnVsbNMJCgsMDxJXTlMua2V5c1pOUy5vYmplY3RzViRjbGFzc6INDoACgAOiEBGABIAFgAdccmVsYXRpdmVQYXRoWWFsaWFzRGF0YV1BYmlkXzIwMTQucGRm0hcLGBlXTlMuZGF0YU8RAcAAAAAAAcAAAgAAC01hY0Jvb2sgUHJvAAAAAAAAAAAAAAAAAAAAAMjZQE1IKwAACVjjPw1BYmlkXzIwMTQucGRmAAAAAAAAAAAAAAAAAAAAAAAAAAAAAAAAAAAAAAAAAAAAAAAAAAAAAAAAAAAAAAAAAAAJWMGOzjAcXQAAAAAAAAAAAAEAAgAACSAAAAAAAAAAAAAAAAAAAAAGcGFwZXJzABAACAAAyNmivQAAABEACAAAzjB+zQAAAAEAHAlY4z8JUzmKCVM5gQIETlUB/VB7AfwTPgAAkyUAAgBTTWFjQm9vayBQcm86VXNlcnM6AGFrZWU6AFNjaG9vbDoAVUNMQToAMDAgdGhlc2lzOgB1Y2xhdGhlc2lzOgBwYXBlcnM6AEFiaWRfMjAxNC5wZGYAAA4AHAANAEEAYgBpAGQAXwAyADAAMQA0AC4AcABkAGYADwAYAAsATQBhAGMAQgBvAG8AawAgAFAAcgBvABIAQFVzZXJzL2FrZWUvU2Nob29sL1VDTEEvMDAgdGhlc2lzL3VjbGF0aGVzaXMvcGFwZXJzL0FiaWRfMjAxNC5wZGYAEwABLwAAFQACAAv//wAAgAbSGxwdHlokY2xhc3NuYW1lWCRjbGFzc2VzXU5TTXV0YWJsZURhdGGjHR8gVk5TRGF0YVhOU09iamVjdNIbHCIjXE5TRGljdGlvbmFyeaIiIF8QD05TS2V5ZWRBcmNoaXZlctEmJ1Ryb290gAEACAARABoAIwAtADIANwBAAEYATQBVAGAAZwBqAGwAbgBxAHMAdQB3AIQAjgCcAKEAqQJtAm8CdAJ/AogClgKaAqECqgKvArwCvwLRAtQC2QAAAAAAAAIBAAAAAAAAACgAAAAAAAAAAAAAAAAAAALb}}

@article{schwartz2004comparison,
	Author = {Schwartz, Jana L and Hall, Christopher D},
	Date-Added = {2013-08-16 01:12:58 +0000},
	Date-Modified = {2013-08-16 01:12:58 +0000},
	Journal = {Advances in the Astronautical Sciences},
	Pages = {1725--1741},
	Publisher = {Citeseer},
	Title = {Comparison of system identification techniques for a spherical air-bearing spacecraft simulator},
	Volume = {116},
	Year = {2004},
	Bdsk-File-1 = {YnBsaXN0MDDUAQIDBAUGJCVYJHZlcnNpb25YJG9iamVjdHNZJGFyY2hpdmVyVCR0b3ASAAGGoKgHCBMUFRYaIVUkbnVsbNMJCgsMDxJXTlMua2V5c1pOUy5vYmplY3RzViRjbGFzc6INDoACgAOiEBGABIAFgAdccmVsYXRpdmVQYXRoWWFsaWFzRGF0YV8QEVNjaHdhcnR6XzIwMDQucGRm0hcLGBlXTlMuZGF0YU8RAdAAAAAAAdAAAgAAC01hY0Jvb2sgUHJvAAAAAAAAAAAAAAAAAAAAAMjZQE1IKwAACVjjPxFTY2h3YXJ0el8yMDA0LnBkZgAAAAAAAAAAAAAAAAAAAAAAAAAAAAAAAAAAAAAAAAAAAAAAAAAAAAAAAAAAAAAJWMIXzjAdCQAAAAAAAAAAAAEAAgAACSAAAAAAAAAAAAAAAAAAAAAGcGFwZXJzABAACAAAyNmivQAAABEACAAAzjB/eQAAAAEAHAlY4z8JUzmKCVM5gQIETlUB/VB7AfwTPgAAkyUAAgBXTWFjQm9vayBQcm86VXNlcnM6AGFrZWU6AFNjaG9vbDoAVUNMQToAMDAgdGhlc2lzOgB1Y2xhdGhlc2lzOgBwYXBlcnM6AFNjaHdhcnR6XzIwMDQucGRmAAAOACQAEQBTAGMAaAB3AGEAcgB0AHoAXwAyADAAMAA0AC4AcABkAGYADwAYAAsATQBhAGMAQgBvAG8AawAgAFAAcgBvABIARFVzZXJzL2FrZWUvU2Nob29sL1VDTEEvMDAgdGhlc2lzL3VjbGF0aGVzaXMvcGFwZXJzL1NjaHdhcnR6XzIwMDQucGRmABMAAS8AABUAAgAL//8AAIAG0hscHR5aJGNsYXNzbmFtZVgkY2xhc3Nlc11OU011dGFibGVEYXRhox0fIFZOU0RhdGFYTlNPYmplY3TSGxwiI1xOU0RpY3Rpb25hcnmiIiBfEA9OU0tleWVkQXJjaGl2ZXLRJidUcm9vdIABAAgAEQAaACMALQAyADcAQABGAE0AVQBgAGcAagBsAG4AcQBzAHUAdwCEAI4AogCnAK8CgwKFAooClQKeAqwCsAK3AsACxQLSAtUC5wLqAu8AAAAAAAACAQAAAAAAAAAoAAAAAAAAAAAAAAAAAAAC8Q==}}

@inproceedings{kingston2004real,
	Author = {Kingston, Derek B and Beard, Randal W},
	Booktitle = {AIAA 3rd Unmanned Unlimited Technical Conference, Workshop and Exhibit},
	Date-Added = {2013-08-16 01:12:23 +0000},
	Date-Modified = {2013-08-16 01:12:23 +0000},
	Organization = {sn},
	Pages = {2004--6488},
	Title = {Real-time attitude and position estimation for small UAVs using low-cost sensors},
	Year = {2004},
	Bdsk-File-1 = {YnBsaXN0MDDUAQIDBAUGJCVYJHZlcnNpb25YJG9iamVjdHNZJGFyY2hpdmVyVCR0b3ASAAGGoKgHCBMUFRYaIVUkbnVsbNMJCgsMDxJXTlMua2V5c1pOUy5vYmplY3RzViRjbGFzc6INDoACgAOiEBGABIAFgAdccmVsYXRpdmVQYXRoWWFsaWFzRGF0YV8QEUtpbmdzdG9uXzIwMDQucGRm0hcLGBlXTlMuZGF0YU8RAdAAAAAAAdAAAgAAC01hY0Jvb2sgUHJvAAAAAAAAAAAAAAAAAAAAAMjZQE1IKwAACVjjPxFLaW5nc3Rvbl8yMDA0LnBkZgAAAAAAAAAAAAAAAAAAAAAAAAAAAAAAAAAAAAAAAAAAAAAAAAAAAAAAAAAAAAAJWMIgzjAdCQAAAAAAAAAAAAEAAgAACSAAAAAAAAAAAAAAAAAAAAAGcGFwZXJzABAACAAAyNmivQAAABEACAAAzjB/eQAAAAEAHAlY4z8JUzmKCVM5gQIETlUB/VB7AfwTPgAAkyUAAgBXTWFjQm9vayBQcm86VXNlcnM6AGFrZWU6AFNjaG9vbDoAVUNMQToAMDAgdGhlc2lzOgB1Y2xhdGhlc2lzOgBwYXBlcnM6AEtpbmdzdG9uXzIwMDQucGRmAAAOACQAEQBLAGkAbgBnAHMAdABvAG4AXwAyADAAMAA0AC4AcABkAGYADwAYAAsATQBhAGMAQgBvAG8AawAgAFAAcgBvABIARFVzZXJzL2FrZWUvU2Nob29sL1VDTEEvMDAgdGhlc2lzL3VjbGF0aGVzaXMvcGFwZXJzL0tpbmdzdG9uXzIwMDQucGRmABMAAS8AABUAAgAL//8AAIAG0hscHR5aJGNsYXNzbmFtZVgkY2xhc3Nlc11OU011dGFibGVEYXRhox0fIFZOU0RhdGFYTlNPYmplY3TSGxwiI1xOU0RpY3Rpb25hcnmiIiBfEA9OU0tleWVkQXJjaGl2ZXLRJidUcm9vdIABAAgAEQAaACMALQAyADcAQABGAE0AVQBgAGcAagBsAG4AcQBzAHUAdwCEAI4AogCnAK8CgwKFAooClQKeAqwCsAK3AsACxQLSAtUC5wLqAu8AAAAAAAACAQAAAAAAAAAoAAAAAAAAAAAAAAAAAAAC8Q==}}

@phdthesis{trnka2007subspace,
	Author = {Trnka, Pavel},
	Date-Added = {2013-08-14 01:39:40 +0000},
	Date-Modified = {2013-08-14 01:39:54 +0000},
	Rating = {5},
	School = {Ph. D. dissertation, Czech Technical University in Prague},
	Title = {Subspace identification methods},
	Year = {2007},
	Bdsk-File-1 = {YnBsaXN0MDDUAQIDBAUGJCVYJHZlcnNpb25YJG9iamVjdHNZJGFyY2hpdmVyVCR0b3ASAAGGoKgHCBMUFRYaIVUkbnVsbNMJCgsMDxJXTlMua2V5c1pOUy5vYmplY3RzViRjbGFzc6INDoACgAOiEBGABIAFgAdccmVsYXRpdmVQYXRoWWFsaWFzRGF0YV5Ucm5rYV8yMDA3LnBkZtIXCxgZV05TLmRhdGFPEQHEAAAAAAHEAAIAAAtNYWNCb29rIFBybwAAAAAAAAAAAAAAAAAAAADI2UBNSCsAAAlY4z8OVHJua2FfMjAwNy5wZGYAAAAAAAAAAAAAAAAAAAAAAAAAAAAAAAAAAAAAAAAAAAAAAAAAAAAAAAAAAAAAAAAACVjCJc4wHQkAAAAAAAAAAAABAAIAAAkgAAAAAAAAAAAAAAAAAAAABnBhcGVycwAQAAgAAMjZor0AAAARAAgAAM4wf3kAAAABABwJWOM/CVM5iglTOYECBE5VAf1QewH8Ez4AAJMlAAIAVE1hY0Jvb2sgUHJvOlVzZXJzOgBha2VlOgBTY2hvb2w6AFVDTEE6ADAwIHRoZXNpczoAdWNsYXRoZXNpczoAcGFwZXJzOgBUcm5rYV8yMDA3LnBkZgAOAB4ADgBUAHIAbgBrAGEAXwAyADAAMAA3AC4AcABkAGYADwAYAAsATQBhAGMAQgBvAG8AawAgAFAAcgBvABIAQVVzZXJzL2FrZWUvU2Nob29sL1VDTEEvMDAgdGhlc2lzL3VjbGF0aGVzaXMvcGFwZXJzL1RybmthXzIwMDcucGRmAAATAAEvAAAVAAIAC///AACABtIbHB0eWiRjbGFzc25hbWVYJGNsYXNzZXNdTlNNdXRhYmxlRGF0YaMdHyBWTlNEYXRhWE5TT2JqZWN00hscIiNcTlNEaWN0aW9uYXJ5oiIgXxAPTlNLZXllZEFyY2hpdmVy0SYnVHJvb3SAAQAIABEAGgAjAC0AMgA3AEAARgBNAFUAYABnAGoAbABuAHEAcwB1AHcAhACOAJ0AogCqAnICdAJ5AoQCjQKbAp8CpgKvArQCwQLEAtYC2QLeAAAAAAAAAgEAAAAAAAAAKAAAAAAAAAAAAAAAAAAAAuA=}}

@inproceedings{sasiadek2000sensor,
	Author = {Sasiadek, JZ and Hartana, P},
	Booktitle = {Information Fusion, 2000. FUSION 2000. Proceedings of the Third International Conference on},
	Date-Added = {2013-08-14 01:38:46 +0000},
	Date-Modified = {2013-08-14 01:38:46 +0000},
	Organization = {IEEE},
	Pages = {WED5--19},
	Title = {Sensor data fusion using Kalman filter},
	Volume = {2},
	Year = {2000},
	Bdsk-File-1 = {YnBsaXN0MDDUAQIDBAUGJCVYJHZlcnNpb25YJG9iamVjdHNZJGFyY2hpdmVyVCR0b3ASAAGGoKgHCBMUFRYaIVUkbnVsbNMJCgsMDxJXTlMua2V5c1pOUy5vYmplY3RzViRjbGFzc6INDoACgAOiEBGABIAFgAdccmVsYXRpdmVQYXRoWWFsaWFzRGF0YV8QEVNhc2lhZGVrXzIwMDAucGRm0hcLGBlXTlMuZGF0YU8RAdAAAAAAAdAAAgAAC01hY0Jvb2sgUHJvAAAAAAAAAAAAAAAAAAAAAMjZQE1IKwAACVjjPxFTYXNpYWRla18yMDAwLnBkZgAAAAAAAAAAAAAAAAAAAAAAAAAAAAAAAAAAAAAAAAAAAAAAAAAAAAAAAAAAAAAJWMIizjAdCQAAAAAAAAAAAAEAAgAACSAAAAAAAAAAAAAAAAAAAAAGcGFwZXJzABAACAAAyNmivQAAABEACAAAzjB/eQAAAAEAHAlY4z8JUzmKCVM5gQIETlUB/VB7AfwTPgAAkyUAAgBXTWFjQm9vayBQcm86VXNlcnM6AGFrZWU6AFNjaG9vbDoAVUNMQToAMDAgdGhlc2lzOgB1Y2xhdGhlc2lzOgBwYXBlcnM6AFNhc2lhZGVrXzIwMDAucGRmAAAOACQAEQBTAGEAcwBpAGEAZABlAGsAXwAyADAAMAAwAC4AcABkAGYADwAYAAsATQBhAGMAQgBvAG8AawAgAFAAcgBvABIARFVzZXJzL2FrZWUvU2Nob29sL1VDTEEvMDAgdGhlc2lzL3VjbGF0aGVzaXMvcGFwZXJzL1Nhc2lhZGVrXzIwMDAucGRmABMAAS8AABUAAgAL//8AAIAG0hscHR5aJGNsYXNzbmFtZVgkY2xhc3Nlc11OU011dGFibGVEYXRhox0fIFZOU0RhdGFYTlNPYmplY3TSGxwiI1xOU0RpY3Rpb25hcnmiIiBfEA9OU0tleWVkQXJjaGl2ZXLRJidUcm9vdIABAAgAEQAaACMALQAyADcAQABGAE0AVQBgAGcAagBsAG4AcQBzAHUAdwCEAI4AogCnAK8CgwKFAooClQKeAqwCsAK3AsACxQLSAtUC5wLqAu8AAAAAAAACAQAAAAAAAAAoAAAAAAAAAAAAAAAAAAAC8Q==}}

@inproceedings{cai2012study,
	Author = {Cai, Chuntao and Li, Fugui and Xia, Qunli},
	Booktitle = {Automatic Control and Artificial Intelligence (ACAI 2012), International Conference on},
	Date-Added = {2013-08-14 01:30:37 +0000},
	Date-Modified = {2013-08-14 01:30:37 +0000},
	Organization = {IET},
	Pages = {1996--2000},
	Title = {Study on UAV flight based identification technology},
	Year = {2012},
	Bdsk-File-1 = {YnBsaXN0MDDUAQIDBAUGJCVYJHZlcnNpb25YJG9iamVjdHNZJGFyY2hpdmVyVCR0b3ASAAGGoKgHCBMUFRYaIVUkbnVsbNMJCgsMDxJXTlMua2V5c1pOUy5vYmplY3RzViRjbGFzc6INDoACgAOiEBGABIAFgAdccmVsYXRpdmVQYXRoWWFsaWFzRGF0YVxDYWlfMjAxMi5wZGbSFwsYGVdOUy5kYXRhTxEBvAAAAAABvAACAAALTWFjQm9vayBQcm8AAAAAAAAAAAAAAAAAAAAAyNlATUgrAAAJWOM/DENhaV8yMDEyLnBkZgAAAAAAAAAAAAAAAAAAAAAAAAAAAAAAAAAAAAAAAAAAAAAAAAAAAAAAAAAAAAAAAAAAAAlYwiTOMB0JAAAAAAAAAAAAAQACAAAJIAAAAAAAAAAAAAAAAAAAAAZwYXBlcnMAEAAIAADI2aK9AAAAEQAIAADOMH95AAAAAQAcCVjjPwlTOYoJUzmBAgROVQH9UHsB/BM+AACTJQACAFJNYWNCb29rIFBybzpVc2VyczoAYWtlZToAU2Nob29sOgBVQ0xBOgAwMCB0aGVzaXM6AHVjbGF0aGVzaXM6AHBhcGVyczoAQ2FpXzIwMTIucGRmAA4AGgAMAEMAYQBpAF8AMgAwADEAMgAuAHAAZABmAA8AGAALAE0AYQBjAEIAbwBvAGsAIABQAHIAbwASAD9Vc2Vycy9ha2VlL1NjaG9vbC9VQ0xBLzAwIHRoZXNpcy91Y2xhdGhlc2lzL3BhcGVycy9DYWlfMjAxMi5wZGYAABMAAS8AABUAAgAL//8AAIAG0hscHR5aJGNsYXNzbmFtZVgkY2xhc3Nlc11OU011dGFibGVEYXRhox0fIFZOU0RhdGFYTlNPYmplY3TSGxwiI1xOU0RpY3Rpb25hcnmiIiBfEA9OU0tleWVkQXJjaGl2ZXLRJidUcm9vdIABAAgAEQAaACMALQAyADcAQABGAE0AVQBgAGcAagBsAG4AcQBzAHUAdwCEAI4AmwCgAKgCaAJqAm8CegKDApEClQKcAqUCqgK3AroCzALPAtQAAAAAAAACAQAAAAAAAAAoAAAAAAAAAAAAAAAAAAAC1g==}}

@inproceedings{abas2011parameter,
	Author = {Abas, Norafizah and Legowo, Ari and Akmeliawati, Rini},
	Booktitle = {Mechatronics (ICOM), 2011 4th International Conference On},
	Date-Added = {2013-08-14 01:29:19 +0000},
	Date-Modified = {2013-08-14 01:29:19 +0000},
	Organization = {IEEE},
	Pages = {1--8},
	Title = {Parameter identification of an autonomous quadrotor},
	Year = {2011},
	Bdsk-File-1 = {YnBsaXN0MDDUAQIDBAUGJCVYJHZlcnNpb25YJG9iamVjdHNZJGFyY2hpdmVyVCR0b3ASAAGGoKgHCBMUFRYaIVUkbnVsbNMJCgsMDxJXTlMua2V5c1pOUy5vYmplY3RzViRjbGFzc6INDoACgAOiEBGABIAFgAdccmVsYXRpdmVQYXRoWWFsaWFzRGF0YV1BYmFzXzIwMTEucGRm0hcLGBlXTlMuZGF0YU8RAcAAAAAAAcAAAgAAC01hY0Jvb2sgUHJvAAAAAAAAAAAAAAAAAAAAAMjZQE1IKwAACVjjPw1BYmFzXzIwMTEucGRmAAAAAAAAAAAAAAAAAAAAAAAAAAAAAAAAAAAAAAAAAAAAAAAAAAAAAAAAAAAAAAAAAAAJWMIfzjAdCQAAAAAAAAAAAAEAAgAACSAAAAAAAAAAAAAAAAAAAAAGcGFwZXJzABAACAAAyNmivQAAABEACAAAzjB/eQAAAAEAHAlY4z8JUzmKCVM5gQIETlUB/VB7AfwTPgAAkyUAAgBTTWFjQm9vayBQcm86VXNlcnM6AGFrZWU6AFNjaG9vbDoAVUNMQToAMDAgdGhlc2lzOgB1Y2xhdGhlc2lzOgBwYXBlcnM6AEFiYXNfMjAxMS5wZGYAAA4AHAANAEEAYgBhAHMAXwAyADAAMQAxAC4AcABkAGYADwAYAAsATQBhAGMAQgBvAG8AawAgAFAAcgBvABIAQFVzZXJzL2FrZWUvU2Nob29sL1VDTEEvMDAgdGhlc2lzL3VjbGF0aGVzaXMvcGFwZXJzL0FiYXNfMjAxMS5wZGYAEwABLwAAFQACAAv//wAAgAbSGxwdHlokY2xhc3NuYW1lWCRjbGFzc2VzXU5TTXV0YWJsZURhdGGjHR8gVk5TRGF0YVhOU09iamVjdNIbHCIjXE5TRGljdGlvbmFyeaIiIF8QD05TS2V5ZWRBcmNoaXZlctEmJ1Ryb290gAEACAARABoAIwAtADIANwBAAEYATQBVAGAAZwBqAGwAbgBxAHMAdQB3AIQAjgCcAKEAqQJtAm8CdAJ/AogClgKaAqECqgKvArwCvwLRAtQC2QAAAAAAAAIBAAAAAAAAACgAAAAAAAAAAAAAAAAAAALb}}

@inproceedings{meng2010aerodynamic,
	Author = {Meng, Li and Li, Liu and Veres, SM},
	Booktitle = {Advanced Computer Control (ICACC), 2010 2nd International Conference on},
	Date-Added = {2013-08-14 01:28:20 +0000},
	Date-Modified = {2013-08-14 01:28:20 +0000},
	Organization = {IEEE},
	Pages = {526--531},
	Title = {Aerodynamic parameter estimation of an unmanned aerial vehicle based on extended kalman filter and its higher order approach},
	Volume = {5},
	Year = {2010},
	Bdsk-File-1 = {YnBsaXN0MDDUAQIDBAUGJCVYJHZlcnNpb25YJG9iamVjdHNZJGFyY2hpdmVyVCR0b3ASAAGGoKgHCBMUFRYaIVUkbnVsbNMJCgsMDxJXTlMua2V5c1pOUy5vYmplY3RzViRjbGFzc6INDoACgAOiEBGABIAFgAdccmVsYXRpdmVQYXRoWWFsaWFzRGF0YV1NZW5nXzIwMTAucGRm0hcLGBlXTlMuZGF0YU8RAcAAAAAAAcAAAgAAC01hY0Jvb2sgUHJvAAAAAAAAAAAAAAAAAAAAAMjZQE1IKwAACVjjPw1NZW5nXzIwMTAucGRmAAAAAAAAAAAAAAAAAAAAAAAAAAAAAAAAAAAAAAAAAAAAAAAAAAAAAAAAAAAAAAAAAAAJWMGnzjAceQAAAAAAAAAAAAEAAgAACSAAAAAAAAAAAAAAAAAAAAAGcGFwZXJzABAACAAAyNmivQAAABEACAAAzjB+6QAAAAEAHAlY4z8JUzmKCVM5gQIETlUB/VB7AfwTPgAAkyUAAgBTTWFjQm9vayBQcm86VXNlcnM6AGFrZWU6AFNjaG9vbDoAVUNMQToAMDAgdGhlc2lzOgB1Y2xhdGhlc2lzOgBwYXBlcnM6AE1lbmdfMjAxMC5wZGYAAA4AHAANAE0AZQBuAGcAXwAyADAAMQAwAC4AcABkAGYADwAYAAsATQBhAGMAQgBvAG8AawAgAFAAcgBvABIAQFVzZXJzL2FrZWUvU2Nob29sL1VDTEEvMDAgdGhlc2lzL3VjbGF0aGVzaXMvcGFwZXJzL01lbmdfMjAxMC5wZGYAEwABLwAAFQACAAv//wAAgAbSGxwdHlokY2xhc3NuYW1lWCRjbGFzc2VzXU5TTXV0YWJsZURhdGGjHR8gVk5TRGF0YVhOU09iamVjdNIbHCIjXE5TRGljdGlvbmFyeaIiIF8QD05TS2V5ZWRBcmNoaXZlctEmJ1Ryb290gAEACAARABoAIwAtADIANwBAAEYATQBVAGAAZwBqAGwAbgBxAHMAdQB3AIQAjgCcAKEAqQJtAm8CdAJ/AogClgKaAqECqgKvArwCvwLRAtQC2QAAAAAAAAIBAAAAAAAAACgAAAAAAAAAAAAAAAAAAALb}}

@inproceedings{bouabdallah2004design,
	Author = {Bouabdallah, Samir and Murrieri, Pierpaolo and Siegwart, Roland},
	Booktitle = {Robotics and Automation, 2004. Proceedings. ICRA'04. 2004 IEEE International Conference on},
	Date-Added = {2013-08-14 01:22:07 +0000},
	Date-Modified = {2013-08-14 01:22:07 +0000},
	Organization = {IEEE},
	Pages = {4393--4398},
	Title = {Design and control of an indoor micro quadrotor},
	Volume = {5},
	Year = {2004},
	Bdsk-File-1 = {YnBsaXN0MDDUAQIDBAUGJCVYJHZlcnNpb25YJG9iamVjdHNZJGFyY2hpdmVyVCR0b3ASAAGGoKgHCBMUFRYaIVUkbnVsbNMJCgsMDxJXTlMua2V5c1pOUy5vYmplY3RzViRjbGFzc6INDoACgAOiEBGABIAFgAdccmVsYXRpdmVQYXRoWWFsaWFzRGF0YV8QFEJvdWFiZGFsbGFoXzIwMDQucGRm0hcLGBlXTlMuZGF0YU8RAdwAAAAAAdwAAgAAC01hY0Jvb2sgUHJvAAAAAAAAAAAAAAAAAAAAAMjZQE1IKwAACVjjPxRCb3VhYmRhbGxhaF8yMDA0LnBkZgAAAAAAAAAAAAAAAAAAAAAAAAAAAAAAAAAAAAAAAAAAAAAAAAAAAAAAAAAJWMGCzjAcUwAAAAAAAAAAAAEAAgAACSAAAAAAAAAAAAAAAAAAAAAGcGFwZXJzABAACAAAyNmivQAAABEACAAAzjB+wwAAAAEAHAlY4z8JUzmKCVM5gQIETlUB/VB7AfwTPgAAkyUAAgBaTWFjQm9vayBQcm86VXNlcnM6AGFrZWU6AFNjaG9vbDoAVUNMQToAMDAgdGhlc2lzOgB1Y2xhdGhlc2lzOgBwYXBlcnM6AEJvdWFiZGFsbGFoXzIwMDQucGRmAA4AKgAUAEIAbwB1AGEAYgBkAGEAbABsAGEAaABfADIAMAAwADQALgBwAGQAZgAPABgACwBNAGEAYwBCAG8AbwBrACAAUAByAG8AEgBHVXNlcnMvYWtlZS9TY2hvb2wvVUNMQS8wMCB0aGVzaXMvdWNsYXRoZXNpcy9wYXBlcnMvQm91YWJkYWxsYWhfMjAwNC5wZGYAABMAAS8AABUAAgAL//8AAIAG0hscHR5aJGNsYXNzbmFtZVgkY2xhc3Nlc11OU011dGFibGVEYXRhox0fIFZOU0RhdGFYTlNPYmplY3TSGxwiI1xOU0RpY3Rpb25hcnmiIiBfEA9OU0tleWVkQXJjaGl2ZXLRJidUcm9vdIABAAgAEQAaACMALQAyADcAQABGAE0AVQBgAGcAagBsAG4AcQBzAHUAdwCEAI4ApQCqALICkgKUApkCpAKtArsCvwLGAs8C1ALhAuQC9gL5Av4AAAAAAAACAQAAAAAAAAAoAAAAAAAAAAAAAAAAAAADAA==}}
