%% This BibTeX bibliography file was created using BibDesk.
%% http://bibdesk.sourceforge.net/


%% Created for Andy Kee at 2013-09-19 21:42:28 -0700 


%% Saved with string encoding Unicode (UTF-8) 



@book{anderson1979optimal,
	Annote = {Innovation},
	Author = {Anderson, Brian DO and Moore, John Barratt},
	Date-Added = {2013-09-20 04:18:56 +0000},
	Date-Modified = {2013-09-20 04:21:33 +0000},
	Keywords = {kalman, innovation},
	Publisher = {Prentice-Hall},
	Title = {Optimal Filtering},
	Year = {1979},
	Bdsk-File-1 = {YnBsaXN0MDDUAQIDBAUGJCVYJHZlcnNpb25YJG9iamVjdHNZJGFyY2hpdmVyVCR0b3ASAAGGoKgHCBMUFRYaIVUkbnVsbNMJCgsMDxJXTlMua2V5c1pOUy5vYmplY3RzViRjbGFzc6INDoACgAOiEBGABIAFgAdccmVsYXRpdmVQYXRoWWFsaWFzRGF0YV8QEUFuZGVyc29uXzE5NzkucGRm0hcLGBlXTlMuZGF0YU8RAdAAAAAAAdAAAgAAC01hY0Jvb2sgUHJvAAAAAAAAAAAAAAAAAAAAAMjZQE1IKwAACVjjPxFBbmRlcnNvbl8xOTc5LnBkZgAAAAAAAAAAAAAAAAAAAAAAAAAAAAAAAAAAAAAAAAAAAAAAAAAAAAAAAAAAAAAJfAFmzmEargAAAAAAAAAAAAEAAgAACSAAAAAAAAAAAAAAAAAAAAAGcGFwZXJzABAACAAAyNmivQAAABEACAAAzmF9HgAAAAEAHAlY4z8JUzmKCVM5gQIETlUB/VB7AfwTPgAAkyUAAgBXTWFjQm9vayBQcm86VXNlcnM6AGFrZWU6AFNjaG9vbDoAVUNMQToAMDEgdGhlc2lzOgB1Y2xhdGhlc2lzOgBwYXBlcnM6AEFuZGVyc29uXzE5NzkucGRmAAAOACQAEQBBAG4AZABlAHIAcwBvAG4AXwAxADkANwA5AC4AcABkAGYADwAYAAsATQBhAGMAQgBvAG8AawAgAFAAcgBvABIARFVzZXJzL2FrZWUvU2Nob29sL1VDTEEvMDEgdGhlc2lzL3VjbGF0aGVzaXMvcGFwZXJzL0FuZGVyc29uXzE5NzkucGRmABMAAS8AABUAAgAL//8AAIAG0hscHR5aJGNsYXNzbmFtZVgkY2xhc3Nlc11OU011dGFibGVEYXRhox0fIFZOU0RhdGFYTlNPYmplY3TSGxwiI1xOU0RpY3Rpb25hcnmiIiBfEA9OU0tleWVkQXJjaGl2ZXLRJidUcm9vdIABAAgAEQAaACMALQAyADcAQABGAE0AVQBgAGcAagBsAG4AcQBzAHUAdwCEAI4AogCnAK8CgwKFAooClQKeAqwCsAK3AsACxQLSAtUC5wLqAu8AAAAAAAACAQAAAAAAAAAoAAAAAAAAAAAAAAAAAAAC8Q==}}

@article{van1995unifying,
	Annote = {Foundation paper for most modern subspace approaches},
	Author = {Van Overschee, Peter and De Moor, Bart},
	Date-Added = {2013-09-20 04:06:51 +0000},
	Date-Modified = {2013-09-20 04:07:00 +0000},
	Journal = {Automatica},
	Keywords = {subspace},
	Number = {12},
	Pages = {1853--1864},
	Publisher = {Elsevier},
	Title = {A unifying theorem for three subspace system identification algorithms},
	Volume = {31},
	Year = {1995},
	Bdsk-File-1 = {YnBsaXN0MDDUAQIDBAUGJCVYJHZlcnNpb25YJG9iamVjdHNZJGFyY2hpdmVyVCR0b3ASAAGGoKgHCBMUFRYaIVUkbnVsbNMJCgsMDxJXTlMua2V5c1pOUy5vYmplY3RzViRjbGFzc6INDoACgAOiEBGABIAFgAdccmVsYXRpdmVQYXRoWWFsaWFzRGF0YV8QFlZhbiBPdmVyc2NoZWVfMTk5NS5wZGbSFwsYGVdOUy5kYXRhTxEB5AAAAAAB5AACAAALTWFjQm9vayBQcm8AAAAAAAAAAAAAAAAAAAAAyNlATUgrAAAJWOM/FlZhbiBPdmVyc2NoZWVfMTk5NS5wZGYAAAAAAAAAAAAAAAAAAAAAAAAAAAAAAAAAAAAAAAAAAAAAAAAAAAAAAAl76O7OYRfZAAAAAAAAAAAAAQACAAAJIAAAAAAAAAAAAAAAAAAAAAZwYXBlcnMAEAAIAADI2aK9AAAAEQAIAADOYXpJAAAAAQAcCVjjPwlTOYoJUzmBAgROVQH9UHsB/BM+AACTJQACAFxNYWNCb29rIFBybzpVc2VyczoAYWtlZToAU2Nob29sOgBVQ0xBOgAwMSB0aGVzaXM6AHVjbGF0aGVzaXM6AHBhcGVyczoAVmFuIE92ZXJzY2hlZV8xOTk1LnBkZgAOAC4AFgBWAGEAbgAgAE8AdgBlAHIAcwBjAGgAZQBlAF8AMQA5ADkANQAuAHAAZABmAA8AGAALAE0AYQBjAEIAbwBvAGsAIABQAHIAbwASAElVc2Vycy9ha2VlL1NjaG9vbC9VQ0xBLzAxIHRoZXNpcy91Y2xhdGhlc2lzL3BhcGVycy9WYW4gT3ZlcnNjaGVlXzE5OTUucGRmAAATAAEvAAAVAAIAC///AACABtIbHB0eWiRjbGFzc25hbWVYJGNsYXNzZXNdTlNNdXRhYmxlRGF0YaMdHyBWTlNEYXRhWE5TT2JqZWN00hscIiNcTlNEaWN0aW9uYXJ5oiIgXxAPTlNLZXllZEFyY2hpdmVy0SYnVHJvb3SAAQAIABEAGgAjAC0AMgA3AEAARgBNAFUAYABnAGoAbABuAHEAcwB1AHcAhACOAKcArAC0ApwCngKjAq4CtwLFAskC0ALZAt4C6wLuAwADAwMIAAAAAAAAAgEAAAAAAAAAKAAAAAAAAAAAAAAAAAAAAwo=}}

@conference{jamaludinn4sid,
	Author = {Jamaludin, IW and Wahab, NA and Khalid, NS and Sahlan, S and Ibrahim, Z and Rahmat, MF},
	Booktitle = {9th International Colloquium on Signal Processing and its Applications},
	Date-Added = {2013-09-20 02:15:34 +0000},
	Date-Modified = {2013-09-20 02:18:30 +0000},
	Keywords = {subspace, N4SID, MOESP},
	Organization = {IEEE},
	Pages = {140 -- 145},
	Title = {N4SID and MOESP Subspace Identification Methods},
	Year = {2013},
	Bdsk-File-1 = {YnBsaXN0MDDUAQIDBAUGJCVYJHZlcnNpb25YJG9iamVjdHNZJGFyY2hpdmVyVCR0b3ASAAGGoKgHCBMUFRYaIVUkbnVsbNMJCgsMDxJXTlMua2V5c1pOUy5vYmplY3RzViRjbGFzc6INDoACgAOiEBGABIAFgAdccmVsYXRpdmVQYXRoWWFsaWFzRGF0YV8QEkphbWFsdWRpbl8yMDEzLnBkZtIXCxgZV05TLmRhdGFPEQHUAAAAAAHUAAIAAAtNYWNCb29rIFBybwAAAAAAAAAAAAAAAAAAAADI2UBNSCsAAAlY4z8SSmFtYWx1ZGluXzIwMTMucGRmAAAAAAAAAAAAAAAAAAAAAAAAAAAAAAAAAAAAAAAAAAAAAAAAAAAAAAAAAAAACXuy1M5g/XAAAAAAAAAAAAABAAIAAAkgAAAAAAAAAAAAAAAAAAAABnBhcGVycwAQAAgAAMjZor0AAAARAAgAAM5hX+AAAAABABwJWOM/CVM5iglTOYECBE5VAf1QewH8Ez4AAJMlAAIAWE1hY0Jvb2sgUHJvOlVzZXJzOgBha2VlOgBTY2hvb2w6AFVDTEE6ADAxIHRoZXNpczoAdWNsYXRoZXNpczoAcGFwZXJzOgBKYW1hbHVkaW5fMjAxMy5wZGYADgAmABIASgBhAG0AYQBsAHUAZABpAG4AXwAyADAAMQAzAC4AcABkAGYADwAYAAsATQBhAGMAQgBvAG8AawAgAFAAcgBvABIARVVzZXJzL2FrZWUvU2Nob29sL1VDTEEvMDEgdGhlc2lzL3VjbGF0aGVzaXMvcGFwZXJzL0phbWFsdWRpbl8yMDEzLnBkZgAAEwABLwAAFQACAAv//wAAgAbSGxwdHlokY2xhc3NuYW1lWCRjbGFzc2VzXU5TTXV0YWJsZURhdGGjHR8gVk5TRGF0YVhOU09iamVjdNIbHCIjXE5TRGljdGlvbmFyeaIiIF8QD05TS2V5ZWRBcmNoaXZlctEmJ1Ryb290gAEACAARABoAIwAtADIANwBAAEYATQBVAGAAZwBqAGwAbgBxAHMAdQB3AIQAjgCjAKgAsAKIAooCjwKaAqMCsQK1ArwCxQLKAtcC2gLsAu8C9AAAAAAAAAIBAAAAAAAAACgAAAAAAAAAAAAAAAAAAAL2}}

@article{viberg1995subspace,
	Author = {Viberg, Mats},
	Date-Added = {2013-09-20 02:11:44 +0000},
	Date-Modified = {2013-09-20 02:11:55 +0000},
	Journal = {Automatica},
	Keywords = {subspace},
	Number = {12},
	Pages = {1835--1851},
	Publisher = {Elsevier},
	Title = {Subspace-based methods for the identification of linear time-invariant systems},
	Volume = {31},
	Year = {1995},
	Bdsk-File-1 = {YnBsaXN0MDDUAQIDBAUGJCVYJHZlcnNpb25YJG9iamVjdHNZJGFyY2hpdmVyVCR0b3ASAAGGoKgHCBMUFRYaIVUkbnVsbNMJCgsMDxJXTlMua2V5c1pOUy5vYmplY3RzViRjbGFzc6INDoACgAOiEBGABIAFgAdccmVsYXRpdmVQYXRoWWFsaWFzRGF0YV8QD1ZpYmVyZ18xOTk1LnBkZtIXCxgZV05TLmRhdGFPEQHIAAAAAAHIAAIAAAtNYWNCb29rIFBybwAAAAAAAAAAAAAAAAAAAADI2UBNSCsAAAlY4z8PVmliZXJnXzE5OTUucGRmAAAAAAAAAAAAAAAAAAAAAAAAAAAAAAAAAAAAAAAAAAAAAAAAAAAAAAAAAAAAAAAACXuw/c5g/QEAAAAAAAAAAAABAAIAAAkgAAAAAAAAAAAAAAAAAAAABnBhcGVycwAQAAgAAMjZor0AAAARAAgAAM5hX3EAAAABABwJWOM/CVM5iglTOYECBE5VAf1QewH8Ez4AAJMlAAIAVU1hY0Jvb2sgUHJvOlVzZXJzOgBha2VlOgBTY2hvb2w6AFVDTEE6ADAxIHRoZXNpczoAdWNsYXRoZXNpczoAcGFwZXJzOgBWaWJlcmdfMTk5NS5wZGYAAA4AIAAPAFYAaQBiAGUAcgBnAF8AMQA5ADkANQAuAHAAZABmAA8AGAALAE0AYQBjAEIAbwBvAGsAIABQAHIAbwASAEJVc2Vycy9ha2VlL1NjaG9vbC9VQ0xBLzAxIHRoZXNpcy91Y2xhdGhlc2lzL3BhcGVycy9WaWJlcmdfMTk5NS5wZGYAEwABLwAAFQACAAv//wAAgAbSGxwdHlokY2xhc3NuYW1lWCRjbGFzc2VzXU5TTXV0YWJsZURhdGGjHR8gVk5TRGF0YVhOU09iamVjdNIbHCIjXE5TRGljdGlvbmFyeaIiIF8QD05TS2V5ZWRBcmNoaXZlctEmJ1Ryb290gAEACAARABoAIwAtADIANwBAAEYATQBVAGAAZwBqAGwAbgBxAHMAdQB3AIQAjgCgAKUArQJ5AnsCgAKLApQCogKmAq0CtgK7AsgCywLdAuAC5QAAAAAAAAIBAAAAAAAAACgAAAAAAAAAAAAAAAAAAALn}}

@inproceedings{van1997closed,
	Author = {Van Overschee, Peter and De Moor, Bart},
	Booktitle = {Decision and Control, 1997., Proceedings of the 36th IEEE Conference on},
	Date-Added = {2013-09-20 02:10:11 +0000},
	Date-Modified = {2013-09-20 02:10:42 +0000},
	Keywords = {subspace, closed-loop},
	Organization = {IEEE},
	Pages = {1848--1853},
	Rating = {4},
	Title = {Closed loop subspace system identification},
	Volume = {2},
	Year = {1997},
	Bdsk-File-1 = {YnBsaXN0MDDUAQIDBAUGJCVYJHZlcnNpb25YJG9iamVjdHNZJGFyY2hpdmVyVCR0b3ASAAGGoKgHCBMUFRYaIVUkbnVsbNMJCgsMDxJXTlMua2V5c1pOUy5vYmplY3RzViRjbGFzc6INDoACgAOiEBGABIAFgAdccmVsYXRpdmVQYXRoWWFsaWFzRGF0YV8QFlZhbiBPdmVyc2NoZWVfMTk5Ny5wZGbSFwsYGVdOUy5kYXRhTxEB5AAAAAAB5AACAAALTWFjQm9vayBQcm8AAAAAAAAAAAAAAAAAAAAAyNlATUgrAAAJWOM/FlZhbiBPdmVyc2NoZWVfMTk5Ny5wZGYAAAAAAAAAAAAAAAAAAAAAAAAAAAAAAAAAAAAAAAAAAAAAAAAAAAAAAAl7r+3OYPycAAAAAAAAAAAAAQACAAAJIAAAAAAAAAAAAAAAAAAAAAZwYXBlcnMAEAAIAADI2aK9AAAAEQAIAADOYV8MAAAAAQAcCVjjPwlTOYoJUzmBAgROVQH9UHsB/BM+AACTJQACAFxNYWNCb29rIFBybzpVc2VyczoAYWtlZToAU2Nob29sOgBVQ0xBOgAwMSB0aGVzaXM6AHVjbGF0aGVzaXM6AHBhcGVyczoAVmFuIE92ZXJzY2hlZV8xOTk3LnBkZgAOAC4AFgBWAGEAbgAgAE8AdgBlAHIAcwBjAGgAZQBlAF8AMQA5ADkANwAuAHAAZABmAA8AGAALAE0AYQBjAEIAbwBvAGsAIABQAHIAbwASAElVc2Vycy9ha2VlL1NjaG9vbC9VQ0xBLzAxIHRoZXNpcy91Y2xhdGhlc2lzL3BhcGVycy9WYW4gT3ZlcnNjaGVlXzE5OTcucGRmAAATAAEvAAAVAAIAC///AACABtIbHB0eWiRjbGFzc25hbWVYJGNsYXNzZXNdTlNNdXRhYmxlRGF0YaMdHyBWTlNEYXRhWE5TT2JqZWN00hscIiNcTlNEaWN0aW9uYXJ5oiIgXxAPTlNLZXllZEFyY2hpdmVy0SYnVHJvb3SAAQAIABEAGgAjAC0AMgA3AEAARgBNAFUAYABnAGoAbABuAHEAcwB1AHcAhACOAKcArAC0ApwCngKjAq4CtwLFAskC0ALZAt4C6wLuAwADAwMIAAAAAAAAAgEAAAAAAAAAKAAAAAAAAAAAAAAAAAAAAwo=}}

@misc{bitcraze,
	Author = {Bitcraze},
	Date-Added = {2013-09-19 04:53:36 +0000},
	Date-Modified = {2013-09-19 05:05:38 +0000},
	Howpublished = {http://www.bitcraze.se},
	Keywords = {quadrotor, url},
	Url = {http://www.bitcraze.se},
	Year = {2013},
	Bdsk-Url-1 = {http://www.bitcraze.se}}

@inproceedings{bergamasco2010continuous,
	Author = {Bergamasco, Marco and Lovera, Marco},
	Booktitle = {19th International Symposium on Mathematical Theory of Networks and Systems, Budapest, Hungary},
	Date-Added = {2013-08-16 18:50:11 +0000},
	Date-Modified = {2013-09-08 20:48:43 +0000},
	Keywords = {subspace, identification, closed-loop},
	Title = {Continuous-time subspace identification in closed-loop},
	Volume = {2027},
	Year = {2010},
	Bdsk-File-1 = {YnBsaXN0MDDUAQIDBAUGJCVYJHZlcnNpb25YJG9iamVjdHNZJGFyY2hpdmVyVCR0b3ASAAGGoKgHCBMUFRYaIVUkbnVsbNMJCgsMDxJXTlMua2V5c1pOUy5vYmplY3RzViRjbGFzc6INDoACgAOiEBGABIAFgAdccmVsYXRpdmVQYXRoWWFsaWFzRGF0YV8QE0JlcmdhbWFzY29fMjAxMC5wZGbSFwsYGVdOUy5kYXRhTxEB2AAAAAAB2AACAAALTWFjQm9vayBQcm8AAAAAAAAAAAAAAAAAAAAAyNlATUgrAAAJWOM/E0JlcmdhbWFzY29fMjAxMC5wZGYAAAAAAAAAAAAAAAAAAAAAAAAAAAAAAAAAAAAAAAAAAAAAAAAAAAAAAAAAAAlc4aPOM8JnAAAAAAAAAAAAAQACAAAJIAAAAAAAAAAAAAAAAAAAAAZwYXBlcnMAEAAIAADI2aK9AAAAEQAIAADONCTXAAAAAQAcCVjjPwlTOYoJUzmBAgROVQH9UHsB/BM+AACTJQACAFlNYWNCb29rIFBybzpVc2VyczoAYWtlZToAU2Nob29sOgBVQ0xBOgAwMSB0aGVzaXM6AHVjbGF0aGVzaXM6AHBhcGVyczoAQmVyZ2FtYXNjb18yMDEwLnBkZgAADgAoABMAQgBlAHIAZwBhAG0AYQBzAGMAbwBfADIAMAAxADAALgBwAGQAZgAPABgACwBNAGEAYwBCAG8AbwBrACAAUAByAG8AEgBGVXNlcnMvYWtlZS9TY2hvb2wvVUNMQS8wMSB0aGVzaXMvdWNsYXRoZXNpcy9wYXBlcnMvQmVyZ2FtYXNjb18yMDEwLnBkZgATAAEvAAAVAAIAC///AACABtIbHB0eWiRjbGFzc25hbWVYJGNsYXNzZXNdTlNNdXRhYmxlRGF0YaMdHyBWTlNEYXRhWE5TT2JqZWN00hscIiNcTlNEaWN0aW9uYXJ5oiIgXxAPTlNLZXllZEFyY2hpdmVy0SYnVHJvb3SAAQAIABEAGgAjAC0AMgA3AEAARgBNAFUAYABnAGoAbABuAHEAcwB1AHcAhACOAKQAqQCxAo0CjwKUAp8CqAK2AroCwQLKAs8C3ALfAvEC9AL5AAAAAAAAAgEAAAAAAAAAKAAAAAAAAAAAAAAAAAAAAvs=}}

@article{bergamasco2011continuous,
	Author = {Bergamasco, M and Lovera, M},
	Date-Added = {2013-08-16 18:49:42 +0000},
	Date-Modified = {2013-09-08 20:46:14 +0000},
	Journal = {IET Control Theory \& Applications},
	Keywords = {subspace, identification},
	Number = {7},
	Pages = {856--867},
	Publisher = {IET},
	Title = {Continuous-time predictor-based subspace identification using Laguerre filters},
	Volume = {5},
	Year = {2011},
	Bdsk-File-1 = {YnBsaXN0MDDUAQIDBAUGJCVYJHZlcnNpb25YJG9iamVjdHNZJGFyY2hpdmVyVCR0b3ASAAGGoKgHCBMUFRYaIVUkbnVsbNMJCgsMDxJXTlMua2V5c1pOUy5vYmplY3RzViRjbGFzc6INDoACgAOiEBGABIAFgAdccmVsYXRpdmVQYXRoWWFsaWFzRGF0YV8QE0JlcmdhbWFzY29fMjAxMS5wZGbSFwsYGVdOUy5kYXRhTxEB2AAAAAAB2AACAAALTWFjQm9vayBQcm8AAAAAAAAAAAAAAAAAAAAAyNlATUgrAAAJWOM/E0JlcmdhbWFzY29fMjAxMS5wZGYAAAAAAAAAAAAAAAAAAAAAAAAAAAAAAAAAAAAAAAAAAAAAAAAAAAAAAAAAAAlc35HOM8I/AAAAAAAAAAAAAQACAAAJIAAAAAAAAAAAAAAAAAAAAAZwYXBlcnMAEAAIAADI2aK9AAAAEQAIAADONCSvAAAAAQAcCVjjPwlTOYoJUzmBAgROVQH9UHsB/BM+AACTJQACAFlNYWNCb29rIFBybzpVc2VyczoAYWtlZToAU2Nob29sOgBVQ0xBOgAwMSB0aGVzaXM6AHVjbGF0aGVzaXM6AHBhcGVyczoAQmVyZ2FtYXNjb18yMDExLnBkZgAADgAoABMAQgBlAHIAZwBhAG0AYQBzAGMAbwBfADIAMAAxADEALgBwAGQAZgAPABgACwBNAGEAYwBCAG8AbwBrACAAUAByAG8AEgBGVXNlcnMvYWtlZS9TY2hvb2wvVUNMQS8wMSB0aGVzaXMvdWNsYXRoZXNpcy9wYXBlcnMvQmVyZ2FtYXNjb18yMDExLnBkZgATAAEvAAAVAAIAC///AACABtIbHB0eWiRjbGFzc25hbWVYJGNsYXNzZXNdTlNNdXRhYmxlRGF0YaMdHyBWTlNEYXRhWE5TT2JqZWN00hscIiNcTlNEaWN0aW9uYXJ5oiIgXxAPTlNLZXllZEFyY2hpdmVy0SYnVHJvb3SAAQAIABEAGgAjAC0AMgA3AEAARgBNAFUAYABnAGoAbABuAHEAcwB1AHcAhACOAKQAqQCxAo0CjwKUAp8CqAK2AroCwQLKAs8C3ALfAvEC9AL5AAAAAAAAAgEAAAAAAAAAKAAAAAAAAAAAAAAAAAAAAvs=}}

@phdthesis{bergamasco2013continuous,
	Author = {BERGAMASCO, MARCO},
	Date-Added = {2013-08-16 18:47:39 +0000},
	Date-Modified = {2013-08-16 18:48:16 +0000},
	Keywords = {dissertation, subspace, identification},
	Rating = {5},
	School = {Italy},
	Title = {Continuous time model identification with applications to rotorcraft dynamics},
	Year = {2013},
	Bdsk-File-1 = {YnBsaXN0MDDUAQIDBAUGJCVYJHZlcnNpb25YJG9iamVjdHNZJGFyY2hpdmVyVCR0b3ASAAGGoKgHCBMUFRYaIVUkbnVsbNMJCgsMDxJXTlMua2V5c1pOUy5vYmplY3RzViRjbGFzc6INDoACgAOiEBGABIAFgAdccmVsYXRpdmVQYXRoWWFsaWFzRGF0YV8QE0JFUkdBTUFTQ09fMjAxMy5wZGbSFwsYGVdOUy5kYXRhTxEB2AAAAAAB2AACAAALTWFjQm9vayBQcm8AAAAAAAAAAAAAAAAAAAAAyNlATUgrAAAJWOM/E0JFUkdBTUFTQ09fMjAxMy5wZGYAAAAAAAAAAAAAAAAAAAAAAAAAAAAAAAAAAAAAAAAAAAAAAAAAAAAAAAAAAAlc2tnOM8FjAAAAAAAAAAAAAQACAAAJIAAAAAAAAAAAAAAAAAAAAAZwYXBlcnMAEAAIAADI2aK9AAAAEQAIAADONCPTAAAAAQAcCVjjPwlTOYoJUzmBAgROVQH9UHsB/BM+AACTJQACAFlNYWNCb29rIFBybzpVc2VyczoAYWtlZToAU2Nob29sOgBVQ0xBOgAwMSB0aGVzaXM6AHVjbGF0aGVzaXM6AHBhcGVyczoAQkVSR0FNQVNDT18yMDEzLnBkZgAADgAoABMAQgBFAFIARwBBAE0AQQBTAEMATwBfADIAMAAxADMALgBwAGQAZgAPABgACwBNAGEAYwBCAG8AbwBrACAAUAByAG8AEgBGVXNlcnMvYWtlZS9TY2hvb2wvVUNMQS8wMSB0aGVzaXMvdWNsYXRoZXNpcy9wYXBlcnMvQkVSR0FNQVNDT18yMDEzLnBkZgATAAEvAAAVAAIAC///AACABtIbHB0eWiRjbGFzc25hbWVYJGNsYXNzZXNdTlNNdXRhYmxlRGF0YaMdHyBWTlNEYXRhWE5TT2JqZWN00hscIiNcTlNEaWN0aW9uYXJ5oiIgXxAPTlNLZXllZEFyY2hpdmVy0SYnVHJvb3SAAQAIABEAGgAjAC0AMgA3AEAARgBNAFUAYABnAGoAbABuAHEAcwB1AHcAhACOAKQAqQCxAo0CjwKUAp8CqAK2AroCwQLKAs8C3ALfAvEC9AL5AAAAAAAAAgEAAAAAAAAAKAAAAAAAAAAAAAAAAAAAAvs=}}

@article{cho1995fast,
	Author = {Cho, Young Man and Kailath, Thomas},
	Date-Added = {2013-08-16 18:44:09 +0000},
	Date-Modified = {2013-08-16 18:44:40 +0000},
	Journal = {Automatica},
	Keywords = {subspace, identification},
	Number = {6},
	Pages = {903--905},
	Publisher = {Elsevier},
	Title = {Fast subspace-based system identification: An instrumental variable approach},
	Volume = {31},
	Year = {1995},
	Bdsk-File-1 = {YnBsaXN0MDDUAQIDBAUGJCVYJHZlcnNpb25YJG9iamVjdHNZJGFyY2hpdmVyVCR0b3ASAAGGoKgHCBMUFRYaIVUkbnVsbNMJCgsMDxJXTlMua2V5c1pOUy5vYmplY3RzViRjbGFzc6INDoACgAOiEBGABIAFgAdccmVsYXRpdmVQYXRoWWFsaWFzRGF0YVxDaG9fMTk5NS5wZGbSFwsYGVdOUy5kYXRhTxEBvAAAAAABvAACAAALTWFjQm9vayBQcm8AAAAAAAAAAAAAAAAAAAAAyNlATUgrAAAJWOM/DENob18xOTk1LnBkZgAAAAAAAAAAAAAAAAAAAAAAAAAAAAAAAAAAAAAAAAAAAAAAAAAAAAAAAAAAAAAAAAAAAAlc2dTOM8ERAAAAAAAAAAAAAQACAAAJIAAAAAAAAAAAAAAAAAAAAAZwYXBlcnMAEAAIAADI2aK9AAAAEQAIAADONCOBAAAAAQAcCVjjPwlTOYoJUzmBAgROVQH9UHsB/BM+AACTJQACAFJNYWNCb29rIFBybzpVc2VyczoAYWtlZToAU2Nob29sOgBVQ0xBOgAwMSB0aGVzaXM6AHVjbGF0aGVzaXM6AHBhcGVyczoAQ2hvXzE5OTUucGRmAA4AGgAMAEMAaABvAF8AMQA5ADkANQAuAHAAZABmAA8AGAALAE0AYQBjAEIAbwBvAGsAIABQAHIAbwASAD9Vc2Vycy9ha2VlL1NjaG9vbC9VQ0xBLzAxIHRoZXNpcy91Y2xhdGhlc2lzL3BhcGVycy9DaG9fMTk5NS5wZGYAABMAAS8AABUAAgAL//8AAIAG0hscHR5aJGNsYXNzbmFtZVgkY2xhc3Nlc11OU011dGFibGVEYXRhox0fIFZOU0RhdGFYTlNPYmplY3TSGxwiI1xOU0RpY3Rpb25hcnmiIiBfEA9OU0tleWVkQXJjaGl2ZXLRJidUcm9vdIABAAgAEQAaACMALQAyADcAQABGAE0AVQBgAGcAagBsAG4AcQBzAHUAdwCEAI4AmwCgAKgCaAJqAm8CegKDApEClQKcAqUCqgK3AroCzALPAtQAAAAAAAACAQAAAAAAAAAoAAAAAAAAAAAAAAAAAAAC1g==}}

@article{jansson1997subspace,
	Author = {Jansson, Magnus},
	Date-Added = {2013-08-16 18:42:33 +0000},
	Date-Modified = {2013-08-16 18:42:59 +0000},
	Journal = {These de doctorat-Royal institute of technology, Stockholm},
	Keywords = {subspace, identification},
	Title = {On subspace methods in system identification and sensor array signal processing},
	Year = {1997},
	Bdsk-File-1 = {YnBsaXN0MDDUAQIDBAUGJCVYJHZlcnNpb25YJG9iamVjdHNZJGFyY2hpdmVyVCR0b3ASAAGGoKgHCBMUFRYaIVUkbnVsbNMJCgsMDxJXTlMua2V5c1pOUy5vYmplY3RzViRjbGFzc6INDoACgAOiEBGABIAFgAdccmVsYXRpdmVQYXRoWWFsaWFzRGF0YV8QEEphbnNzb25fMTk5Ny5wZGbSFwsYGVdOUy5kYXRhTxEBzAAAAAABzAACAAALTWFjQm9vayBQcm8AAAAAAAAAAAAAAAAAAAAAyNlATUgrAAAJWOM/EEphbnNzb25fMTk5Ny5wZGYAAAAAAAAAAAAAAAAAAAAAAAAAAAAAAAAAAAAAAAAAAAAAAAAAAAAAAAAAAAAAAAlc1czOM8CyAAAAAAAAAAAAAQACAAAJIAAAAAAAAAAAAAAAAAAAAAZwYXBlcnMAEAAIAADI2aK9AAAAEQAIAADONCMiAAAAAQAcCVjjPwlTOYoJUzmBAgROVQH9UHsB/BM+AACTJQACAFZNYWNCb29rIFBybzpVc2VyczoAYWtlZToAU2Nob29sOgBVQ0xBOgAwMSB0aGVzaXM6AHVjbGF0aGVzaXM6AHBhcGVyczoASmFuc3Nvbl8xOTk3LnBkZgAOACIAEABKAGEAbgBzAHMAbwBuAF8AMQA5ADkANwAuAHAAZABmAA8AGAALAE0AYQBjAEIAbwBvAGsAIABQAHIAbwASAENVc2Vycy9ha2VlL1NjaG9vbC9VQ0xBLzAxIHRoZXNpcy91Y2xhdGhlc2lzL3BhcGVycy9KYW5zc29uXzE5OTcucGRmAAATAAEvAAAVAAIAC///AACABtIbHB0eWiRjbGFzc25hbWVYJGNsYXNzZXNdTlNNdXRhYmxlRGF0YaMdHyBWTlNEYXRhWE5TT2JqZWN00hscIiNcTlNEaWN0aW9uYXJ5oiIgXxAPTlNLZXllZEFyY2hpdmVy0SYnVHJvb3SAAQAIABEAGgAjAC0AMgA3AEAARgBNAFUAYABnAGoAbABuAHEAcwB1AHcAhACOAKEApgCuAn4CgAKFApACmQKnAqsCsgK7AsACzQLQAuIC5QLqAAAAAAAAAgEAAAAAAAAAKAAAAAAAAAAAAAAAAAAAAuw=}}

@book{katayama2005subspace,
	Author = {Katayama, Tohru},
	Date-Added = {2013-08-16 18:36:51 +0000},
	Date-Modified = {2013-08-16 18:37:26 +0000},
	Keywords = {book, subspace, identification},
	Publisher = {Springer},
	Rating = {5},
	Title = {Subspace methods for system identification},
	Year = {2005},
	Bdsk-File-1 = {YnBsaXN0MDDUAQIDBAUGJCVYJHZlcnNpb25YJG9iamVjdHNZJGFyY2hpdmVyVCR0b3ASAAGGoKgHCBMUFRYaIVUkbnVsbNMJCgsMDxJXTlMua2V5c1pOUy5vYmplY3RzViRjbGFzc6INDoACgAOiEBGABIAFgAdccmVsYXRpdmVQYXRoWWFsaWFzRGF0YV8QEUthdGF5YW1hXzIwMDUucGRm0hcLGBlXTlMuZGF0YU8RAdAAAAAAAdAAAgAAC01hY0Jvb2sgUHJvAAAAAAAAAAAAAAAAAAAAAMjZQE1IKwAACVjjPxFLYXRheWFtYV8yMDA1LnBkZgAAAAAAAAAAAAAAAAAAAAAAAAAAAAAAAAAAAAAAAAAAAAAAAAAAAAAAAAAAAAAJXMtazjO/XgAAAAAAAAAAAAEAAgAACSAAAAAAAAAAAAAAAAAAAAAGcGFwZXJzABAACAAAyNmivQAAABEACAAAzjQhzgAAAAEAHAlY4z8JUzmKCVM5gQIETlUB/VB7AfwTPgAAkyUAAgBXTWFjQm9vayBQcm86VXNlcnM6AGFrZWU6AFNjaG9vbDoAVUNMQToAMDEgdGhlc2lzOgB1Y2xhdGhlc2lzOgBwYXBlcnM6AEthdGF5YW1hXzIwMDUucGRmAAAOACQAEQBLAGEAdABhAHkAYQBtAGEAXwAyADAAMAA1AC4AcABkAGYADwAYAAsATQBhAGMAQgBvAG8AawAgAFAAcgBvABIARFVzZXJzL2FrZWUvU2Nob29sL1VDTEEvMDEgdGhlc2lzL3VjbGF0aGVzaXMvcGFwZXJzL0thdGF5YW1hXzIwMDUucGRmABMAAS8AABUAAgAL//8AAIAG0hscHR5aJGNsYXNzbmFtZVgkY2xhc3Nlc11OU011dGFibGVEYXRhox0fIFZOU0RhdGFYTlNPYmplY3TSGxwiI1xOU0RpY3Rpb25hcnmiIiBfEA9OU0tleWVkQXJjaGl2ZXLRJidUcm9vdIABAAgAEQAaACMALQAyADcAQABGAE0AVQBgAGcAagBsAG4AcQBzAHUAdwCEAI4AogCnAK8CgwKFAooClQKeAqwCsAK3AsACxQLSAtUC5wLqAu8AAAAAAAACAQAAAAAAAAAoAAAAAAAAAAAAAAAAAAAC8Q==}}

@inproceedings{hoffmann2007quadrotor,
	Author = {Hoffmann, Gabriel M and Huang, Haomiao and Waslander, Steven L and Tomlin, Claire J},
	Booktitle = {Proc. of the AIAA Guidance, Navigation, and Control Conference},
	Date-Added = {2013-08-16 18:32:07 +0000},
	Date-Modified = {2013-09-20 02:38:05 +0000},
	Keywords = {quadrotor, dynamics, control},
	Pages = {1--20},
	Rating = {4},
	Title = {Quadrotor helicopter flight dynamics and control: Theory and experiment},
	Year = {2007},
	Bdsk-File-1 = {YnBsaXN0MDDUAQIDBAUGJCVYJHZlcnNpb25YJG9iamVjdHNZJGFyY2hpdmVyVCR0b3ASAAGGoKgHCBMUFRYaIVUkbnVsbNMJCgsMDxJXTlMua2V5c1pOUy5vYmplY3RzViRjbGFzc6INDoACgAOiEBGABIAFgAdccmVsYXRpdmVQYXRoWWFsaWFzRGF0YV8QEUhvZmZtYW5uXzIwMDcucGRm0hcLGBlXTlMuZGF0YU8RAdAAAAAAAdAAAgAAC01hY0Jvb2sgUHJvAAAAAAAAAAAAAAAAAAAAAMjZQE1IKwAACVjjPxFIb2ZmbWFubl8yMDA3LnBkZgAAAAAAAAAAAAAAAAAAAAAAAAAAAAAAAAAAAAAAAAAAAAAAAAAAAAAAAAAAAAAJXL2GzjO+QwAAAAAAAAAAAAEAAgAACSAAAAAAAAAAAAAAAAAAAAAGcGFwZXJzABAACAAAyNmivQAAABEACAAAzjQgswAAAAEAHAlY4z8JUzmKCVM5gQIETlUB/VB7AfwTPgAAkyUAAgBXTWFjQm9vayBQcm86VXNlcnM6AGFrZWU6AFNjaG9vbDoAVUNMQToAMDEgdGhlc2lzOgB1Y2xhdGhlc2lzOgBwYXBlcnM6AEhvZmZtYW5uXzIwMDcucGRmAAAOACQAEQBIAG8AZgBmAG0AYQBuAG4AXwAyADAAMAA3AC4AcABkAGYADwAYAAsATQBhAGMAQgBvAG8AawAgAFAAcgBvABIARFVzZXJzL2FrZWUvU2Nob29sL1VDTEEvMDEgdGhlc2lzL3VjbGF0aGVzaXMvcGFwZXJzL0hvZmZtYW5uXzIwMDcucGRmABMAAS8AABUAAgAL//8AAIAG0hscHR5aJGNsYXNzbmFtZVgkY2xhc3Nlc11OU011dGFibGVEYXRhox0fIFZOU0RhdGFYTlNPYmplY3TSGxwiI1xOU0RpY3Rpb25hcnmiIiBfEA9OU0tleWVkQXJjaGl2ZXLRJidUcm9vdIABAAgAEQAaACMALQAyADcAQABGAE0AVQBgAGcAagBsAG4AcQBzAHUAdwCEAI4AogCnAK8CgwKFAooClQKeAqwCsAK3AsACxQLSAtUC5wLqAu8AAAAAAAACAQAAAAAAAAAoAAAAAAAAAAAAAAAAAAAC8Q==}}

@article{batmazdesign,
	Author = {Batmaz, Anil Ufuk and Elbir, Ovunc and Kasnakoglu, Cosku},
	Date-Added = {2013-08-16 18:30:48 +0000},
	Date-Modified = {2013-09-08 20:44:52 +0000},
	Keywords = {quadrotor, control},
	Title = {Design of a Quadrotor Roll Controller Using System Identification to Improve Empirical Results},
	Year = {2013},
	Bdsk-File-1 = {YnBsaXN0MDDUAQIDBAUGJCVYJHZlcnNpb25YJG9iamVjdHNZJGFyY2hpdmVyVCR0b3ASAAGGoKgHCBMUFRYaIVUkbnVsbNMJCgsMDxJXTlMua2V5c1pOUy5vYmplY3RzViRjbGFzc6INDoACgAOiEBGABIAFgAdccmVsYXRpdmVQYXRoWWFsaWFzRGF0YV8QD0JhdG1hel8yMDEzLnBkZtIXCxgZV05TLmRhdGFPEQHIAAAAAAHIAAIAAAtNYWNCb29rIFBybwAAAAAAAAAAAAAAAAAAAADI2UBNSCsAAAlY4z8PQmF0bWF6XzIwMTMucGRmAAAAAAAAAAAAAAAAAAAAAAAAAAAAAAAAAAAAAAAAAAAAAAAAAAAAAAAAAAAAAAAACVy9OM4zvf0AAAAAAAAAAAABAAIAAAkgAAAAAAAAAAAAAAAAAAAABnBhcGVycwAQAAgAAMjZor0AAAARAAgAAM40IG0AAAABABwJWOM/CVM5iglTOYECBE5VAf1QewH8Ez4AAJMlAAIAVU1hY0Jvb2sgUHJvOlVzZXJzOgBha2VlOgBTY2hvb2w6AFVDTEE6ADAxIHRoZXNpczoAdWNsYXRoZXNpczoAcGFwZXJzOgBCYXRtYXpfMjAxMy5wZGYAAA4AIAAPAEIAYQB0AG0AYQB6AF8AMgAwADEAMwAuAHAAZABmAA8AGAALAE0AYQBjAEIAbwBvAGsAIABQAHIAbwASAEJVc2Vycy9ha2VlL1NjaG9vbC9VQ0xBLzAxIHRoZXNpcy91Y2xhdGhlc2lzL3BhcGVycy9CYXRtYXpfMjAxMy5wZGYAEwABLwAAFQACAAv//wAAgAbSGxwdHlokY2xhc3NuYW1lWCRjbGFzc2VzXU5TTXV0YWJsZURhdGGjHR8gVk5TRGF0YVhOU09iamVjdNIbHCIjXE5TRGljdGlvbmFyeaIiIF8QD05TS2V5ZWRBcmNoaXZlctEmJ1Ryb290gAEACAARABoAIwAtADIANwBAAEYATQBVAGAAZwBqAGwAbgBxAHMAdQB3AIQAjgCgAKUArQJ5AnsCgAKLApQCogKmAq0CtgK7AsgCywLdAuAC5QAAAAAAAAIBAAAAAAAAACgAAAAAAAAAAAAAAAAAAALn}}

@misc{welch1995introduction,
	Author = {Welch, Greg and Bishop, Gary},
	Date-Added = {2013-08-16 16:06:58 +0000},
	Date-Modified = {2013-09-08 21:27:37 +0000},
	Keywords = {kalman},
	Title = {An introduction to the Kalman filter},
	Year = {1995},
	Bdsk-File-1 = {YnBsaXN0MDDUAQIDBAUGJCVYJHZlcnNpb25YJG9iamVjdHNZJGFyY2hpdmVyVCR0b3ASAAGGoKgHCBMUFRYaIVUkbnVsbNMJCgsMDxJXTlMua2V5c1pOUy5vYmplY3RzViRjbGFzc6INDoACgAOiEBGABIAFgAdccmVsYXRpdmVQYXRoWWFsaWFzRGF0YV5XZWxjaF8xOTk1LnBkZtIXCxgZV05TLmRhdGFPEQHEAAAAAAHEAAIAAAtNYWNCb29rIFBybwAAAAAAAAAAAAAAAAAAAADI2UBNSCsAAAlY4z8OV2VsY2hfMTk5NS5wZGYAAAAAAAAAAAAAAAAAAAAAAAAAAAAAAAAAAAAAAAAAAAAAAAAAAAAAAAAAAAAAAAAABIeO4cVkS6wAAAAAAAAAAAABAAIAAAkgAAAAAAAAAAAAAAAAAAAABnBhcGVycwAQAAgAAMjZor0AAAARAAgAAMVkvCwAAAABABwJWOM/CVM5iglTOYECBE5VAf1QewH8Ez4AAJMlAAIAVE1hY0Jvb2sgUHJvOlVzZXJzOgBha2VlOgBTY2hvb2w6AFVDTEE6ADAxIHRoZXNpczoAdWNsYXRoZXNpczoAcGFwZXJzOgBXZWxjaF8xOTk1LnBkZgAOAB4ADgBXAGUAbABjAGgAXwAxADkAOQA1AC4AcABkAGYADwAYAAsATQBhAGMAQgBvAG8AawAgAFAAcgBvABIAQVVzZXJzL2FrZWUvU2Nob29sL1VDTEEvMDEgdGhlc2lzL3VjbGF0aGVzaXMvcGFwZXJzL1dlbGNoXzE5OTUucGRmAAATAAEvAAAVAAIAC///AACABtIbHB0eWiRjbGFzc25hbWVYJGNsYXNzZXNdTlNNdXRhYmxlRGF0YaMdHyBWTlNEYXRhWE5TT2JqZWN00hscIiNcTlNEaWN0aW9uYXJ5oiIgXxAPTlNLZXllZEFyY2hpdmVy0SYnVHJvb3SAAQAIABEAGgAjAC0AMgA3AEAARgBNAFUAYABnAGoAbABuAHEAcwB1AHcAhACOAJ0AogCqAnICdAJ5AoQCjQKbAp8CpgKvArQCwQLEAtYC2QLeAAAAAAAAAgEAAAAAAAAAKAAAAAAAAAAAAAAAAAAAAuA=}}

@techreport{etter2011raven,
	Author = {William Etter and Paul Martin},
	Date-Added = {2013-08-16 16:04:19 +0000},
	Date-Modified = {2013-08-16 16:43:54 +0000},
	Institution = {University of Pennsylvania},
	Keywords = {upenn, quadrotor},
	Title = {Remote Autonomous Vehicle Explorer Network},
	Year = {2011},
	Bdsk-File-1 = {YnBsaXN0MDDUAQIDBAUGJCVYJHZlcnNpb25YJG9iamVjdHNZJGFyY2hpdmVyVCR0b3ASAAGGoKgHCBMUFRYaIVUkbnVsbNMJCgsMDxJXTlMua2V5c1pOUy5vYmplY3RzViRjbGFzc6INDoACgAOiEBGABIAFgAdccmVsYXRpdmVQYXRoWWFsaWFzRGF0YV5FdHRlcl8yMDExLnBkZtIXCxgZV05TLmRhdGFPEQHEAAAAAAHEAAIAAAtNYWNCb29rIFBybwAAAAAAAAAAAAAAAAAAAADI2UBNSCsAAAlY4z8ORXR0ZXJfMjAxMS5wZGYAAAAAAAAAAAAAAAAAAAAAAAAAAAAAAAAAAAAAAAAAAAAAAAAAAAAAAAAAAAAAAAAABIePAstOvwoAAAAAAAAAAAABAAIAAAkgAAAAAAAAAAAAAAAAAAAABnBhcGVycwAQAAgAAMjZor0AAAARAAgAAMtPL4oAAAABABwJWOM/CVM5iglTOYECBE5VAf1QewH8Ez4AAJMlAAIAVE1hY0Jvb2sgUHJvOlVzZXJzOgBha2VlOgBTY2hvb2w6AFVDTEE6ADAxIHRoZXNpczoAdWNsYXRoZXNpczoAcGFwZXJzOgBFdHRlcl8yMDExLnBkZgAOAB4ADgBFAHQAdABlAHIAXwAyADAAMQAxAC4AcABkAGYADwAYAAsATQBhAGMAQgBvAG8AawAgAFAAcgBvABIAQVVzZXJzL2FrZWUvU2Nob29sL1VDTEEvMDEgdGhlc2lzL3VjbGF0aGVzaXMvcGFwZXJzL0V0dGVyXzIwMTEucGRmAAATAAEvAAAVAAIAC///AACABtIbHB0eWiRjbGFzc25hbWVYJGNsYXNzZXNdTlNNdXRhYmxlRGF0YaMdHyBWTlNEYXRhWE5TT2JqZWN00hscIiNcTlNEaWN0aW9uYXJ5oiIgXxAPTlNLZXllZEFyY2hpdmVy0SYnVHJvb3SAAQAIABEAGgAjAC0AMgA3AEAARgBNAFUAYABnAGoAbABuAHEAcwB1AHcAhACOAJ0AogCqAnICdAJ5AoQCjQKbAp8CpgKvArQCwQLEAtYC2QLeAAAAAAAAAgEAAAAAAAAAKAAAAAAAAAAAAAAAAAAAAuA=}}

@article{mellinger2012trajectory,
	Author = {Mellinger, Daniel},
	Date-Added = {2013-08-16 16:01:41 +0000},
	Date-Modified = {2013-08-16 16:39:50 +0000},
	Keywords = {dissertation,upenn, quadrotor, control},
	Title = {Trajectory generation and control for quadrotors},
	Year = {2012},
	Bdsk-File-1 = {YnBsaXN0MDDUAQIDBAUGJCVYJHZlcnNpb25YJG9iamVjdHNZJGFyY2hpdmVyVCR0b3ASAAGGoKgHCBMUFRYaIVUkbnVsbNMJCgsMDxJXTlMua2V5c1pOUy5vYmplY3RzViRjbGFzc6INDoACgAOiEBGABIAFgAdccmVsYXRpdmVQYXRoWWFsaWFzRGF0YV8QEk1lbGxpbmdlcl8yMDEyLnBkZtIXCxgZV05TLmRhdGFPEQHUAAAAAAHUAAIAAAtNYWNCb29rIFBybwAAAAAAAAAAAAAAAAAAAADI2UBNSCsAAAlY4z8STWVsbGluZ2VyXzIwMTIucGRmAAAAAAAAAAAAAAAAAAAAAAAAAAAAAAAAAAAAAAAAAAAAAAAAAAAAAAAAAAAACVw5AswYw7AAAAAAAAAAAAABAAIAAAkgAAAAAAAAAAAAAAAAAAAABnBhcGVycwAQAAgAAMjZor0AAAARAAgAAMwZJiAAAAABABwJWOM/CVM5iglTOYECBE5VAf1QewH8Ez4AAJMlAAIAWE1hY0Jvb2sgUHJvOlVzZXJzOgBha2VlOgBTY2hvb2w6AFVDTEE6ADAxIHRoZXNpczoAdWNsYXRoZXNpczoAcGFwZXJzOgBNZWxsaW5nZXJfMjAxMi5wZGYADgAmABIATQBlAGwAbABpAG4AZwBlAHIAXwAyADAAMQAyAC4AcABkAGYADwAYAAsATQBhAGMAQgBvAG8AawAgAFAAcgBvABIARVVzZXJzL2FrZWUvU2Nob29sL1VDTEEvMDEgdGhlc2lzL3VjbGF0aGVzaXMvcGFwZXJzL01lbGxpbmdlcl8yMDEyLnBkZgAAEwABLwAAFQACAAv//wAAgAbSGxwdHlokY2xhc3NuYW1lWCRjbGFzc2VzXU5TTXV0YWJsZURhdGGjHR8gVk5TRGF0YVhOU09iamVjdNIbHCIjXE5TRGljdGlvbmFyeaIiIF8QD05TS2V5ZWRBcmNoaXZlctEmJ1Ryb290gAEACAARABoAIwAtADIANwBAAEYATQBVAGAAZwBqAGwAbgBxAHMAdQB3AIQAjgCjAKgAsAKIAooCjwKaAqMCsQK1ArwCxQLKAtcC2gLsAu8C9AAAAAAAAAIBAAAAAAAAACgAAAAAAAAAAAAAAAAAAAL2}}

@article{etter2011cooperative,
	Author = {Etter Jr, William H and Martin, Paul and Mangharam, Rahul},
	Date-Added = {2013-08-16 16:00:03 +0000},
	Date-Modified = {2013-08-16 16:42:56 +0000},
	Keywords = {upenn, quadrotor, guidance},
	Title = {Cooperative flight guidance of autonomous unmanned aerial vehicles},
	Year = {2011},
	Bdsk-File-1 = {YnBsaXN0MDDUAQIDBAUGJCVYJHZlcnNpb25YJG9iamVjdHNZJGFyY2hpdmVyVCR0b3ASAAGGoKgHCBMUFRYaIVUkbnVsbNMJCgsMDxJXTlMua2V5c1pOUy5vYmplY3RzViRjbGFzc6INDoACgAOiEBGABIAFgAdccmVsYXRpdmVQYXRoWWFsaWFzRGF0YV8QEUV0dGVyIEpyXzIwMTEucGRm0hcLGBlXTlMuZGF0YU8RAdAAAAAAAdAAAgAAC01hY0Jvb2sgUHJvAAAAAAAAAAAAAAAAAAAAAMjZQE1IKwAACVjjPxFFdHRlciBKcl8yMDExLnBkZgAAAAAAAAAAAAAAAAAAAAAAAAAAAAAAAAAAAAAAAAAAAAAAAAAAAAAAAAAAAAAD1Ugqy0821AAAAAAAAAAAAAEAAgAACSAAAAAAAAAAAAAAAAAAAAAGcGFwZXJzABAACAAAyNmivQAAABEACAAAy0+nVAAAAAEAHAlY4z8JUzmKCVM5gQIETlUB/VB7AfwTPgAAkyUAAgBXTWFjQm9vayBQcm86VXNlcnM6AGFrZWU6AFNjaG9vbDoAVUNMQToAMDEgdGhlc2lzOgB1Y2xhdGhlc2lzOgBwYXBlcnM6AEV0dGVyIEpyXzIwMTEucGRmAAAOACQAEQBFAHQAdABlAHIAIABKAHIAXwAyADAAMQAxAC4AcABkAGYADwAYAAsATQBhAGMAQgBvAG8AawAgAFAAcgBvABIARFVzZXJzL2FrZWUvU2Nob29sL1VDTEEvMDEgdGhlc2lzL3VjbGF0aGVzaXMvcGFwZXJzL0V0dGVyIEpyXzIwMTEucGRmABMAAS8AABUAAgAL//8AAIAG0hscHR5aJGNsYXNzbmFtZVgkY2xhc3Nlc11OU011dGFibGVEYXRhox0fIFZOU0RhdGFYTlNPYmplY3TSGxwiI1xOU0RpY3Rpb25hcnmiIiBfEA9OU0tleWVkQXJjaGl2ZXLRJidUcm9vdIABAAgAEQAaACMALQAyADcAQABGAE0AVQBgAGcAagBsAG4AcQBzAHUAdwCEAI4AogCnAK8CgwKFAooClQKeAqwCsAK3AsACxQLSAtUC5wLqAu8AAAAAAAACAQAAAAAAAAAoAAAAAAAAAAAAAAAAAAAC8Q==}}

@article{crama2004hammerstein,
	Author = {Crama, Philippe and Schoukens, Johan},
	Date-Added = {2013-08-16 15:58:06 +0000},
	Date-Modified = {2013-09-20 02:28:15 +0000},
	Journal = {Automatica},
	Keywords = {identification, Hammerstein-Wiener, PEM},
	Number = {9},
	Pages = {1543--1550},
	Publisher = {Elsevier},
	Title = {Hammerstein-Wiener system estimator initialization},
	Volume = {40},
	Year = {2004},
	Bdsk-File-1 = {YnBsaXN0MDDUAQIDBAUGJCVYJHZlcnNpb25YJG9iamVjdHNZJGFyY2hpdmVyVCR0b3ASAAGGoKgHCBMUFRYaIVUkbnVsbNMJCgsMDxJXTlMua2V5c1pOUy5vYmplY3RzViRjbGFzc6INDoACgAOiEBGABIAFgAdccmVsYXRpdmVQYXRoWWFsaWFzRGF0YV5DcmFtYV8yMDA0LnBkZtIXCxgZV05TLmRhdGFPEQHEAAAAAAHEAAIAAAtNYWNCb29rIFBybwAAAAAAAAAAAAAAAAAAAADI2UBNSCsAAAlY4z8OQ3JhbWFfMjAwNC5wZGYAAAAAAAAAAAAAAAAAAAAAAAAAAAAAAAAAAAAAAAAAAAAAAAAAAAAAAAAAAAAAAAAACVjB5s4wHLQAAAAAAAAAAAABAAIAAAkgAAAAAAAAAAAAAAAAAAAABnBhcGVycwAQAAgAAMjZor0AAAARAAgAAM4wfyQAAAABABwJWOM/CVM5iglTOYECBE5VAf1QewH8Ez4AAJMlAAIAVE1hY0Jvb2sgUHJvOlVzZXJzOgBha2VlOgBTY2hvb2w6AFVDTEE6ADAxIHRoZXNpczoAdWNsYXRoZXNpczoAcGFwZXJzOgBDcmFtYV8yMDA0LnBkZgAOAB4ADgBDAHIAYQBtAGEAXwAyADAAMAA0AC4AcABkAGYADwAYAAsATQBhAGMAQgBvAG8AawAgAFAAcgBvABIAQVVzZXJzL2FrZWUvU2Nob29sL1VDTEEvMDEgdGhlc2lzL3VjbGF0aGVzaXMvcGFwZXJzL0NyYW1hXzIwMDQucGRmAAATAAEvAAAVAAIAC///AACABtIbHB0eWiRjbGFzc25hbWVYJGNsYXNzZXNdTlNNdXRhYmxlRGF0YaMdHyBWTlNEYXRhWE5TT2JqZWN00hscIiNcTlNEaWN0aW9uYXJ5oiIgXxAPTlNLZXllZEFyY2hpdmVy0SYnVHJvb3SAAQAIABEAGgAjAC0AMgA3AEAARgBNAFUAYABnAGoAbABuAHEAcwB1AHcAhACOAJ0AogCqAnICdAJ5AoQCjQKbAp8CpgKvArQCwQLEAtYC2QLeAAAAAAAAAgEAAAAAAAAAKAAAAAAAAAAAAAAAAAAAAuA=}}

@article{dirusico1997subspace,
	Author = {Di Ruscio, David},
	Date-Added = {2013-08-16 15:56:26 +0000},
	Date-Modified = {2013-09-08 21:29:07 +0000},
	Journal = {Lecture notes, Telemark University College, Porsgrunn, Norway},
	Keywords = {subspace, identification, closed-loop},
	Rating = {5},
	Title = {Subspace System Identification: Theory and Applications},
	Year = {1997},
	Bdsk-File-1 = {YnBsaXN0MDDUAQIDBAUGJCVYJHZlcnNpb25YJG9iamVjdHNZJGFyY2hpdmVyVCR0b3ASAAGGoKgHCBMUFRYaIVUkbnVsbNMJCgsMDxJXTlMua2V5c1pOUy5vYmplY3RzViRjbGFzc6INDoACgAOiEBGABIAFgAdccmVsYXRpdmVQYXRoWWFsaWFzRGF0YV8QEkRpIFJ1c2Npb18xOTk3LnBkZtIXCxgZV05TLmRhdGFPEQHUAAAAAAHUAAIAAAtNYWNCb29rIFBybwAAAAAAAAAAAAAAAAAAAADI2UBNSCsAAAlY4z8SRGkgUnVzY2lvXzE5OTcucGRmAAAAAAAAAAAAAAAAAAAAAAAAAAAAAAAAAAAAAAAAAAAAAAAAAAAAAAAAAAAACVjCTc4wHSkAAAAAAAAAAAABAAIAAAkgAAAAAAAAAAAAAAAAAAAABnBhcGVycwAQAAgAAMjZor0AAAARAAgAAM4wf5kAAAABABwJWOM/CVM5iglTOYECBE5VAf1QewH8Ez4AAJMlAAIAWE1hY0Jvb2sgUHJvOlVzZXJzOgBha2VlOgBTY2hvb2w6AFVDTEE6ADAxIHRoZXNpczoAdWNsYXRoZXNpczoAcGFwZXJzOgBEaSBSdXNjaW9fMTk5Ny5wZGYADgAmABIARABpACAAUgB1AHMAYwBpAG8AXwAxADkAOQA3AC4AcABkAGYADwAYAAsATQBhAGMAQgBvAG8AawAgAFAAcgBvABIARVVzZXJzL2FrZWUvU2Nob29sL1VDTEEvMDEgdGhlc2lzL3VjbGF0aGVzaXMvcGFwZXJzL0RpIFJ1c2Npb18xOTk3LnBkZgAAEwABLwAAFQACAAv//wAAgAbSGxwdHlokY2xhc3NuYW1lWCRjbGFzc2VzXU5TTXV0YWJsZURhdGGjHR8gVk5TRGF0YVhOU09iamVjdNIbHCIjXE5TRGljdGlvbmFyeaIiIF8QD05TS2V5ZWRBcmNoaXZlctEmJ1Ryb290gAEACAARABoAIwAtADIANwBAAEYATQBVAGAAZwBqAGwAbgBxAHMAdQB3AIQAjgCjAKgAsAKIAooCjwKaAqMCsQK1ArwCxQLKAtcC2gLsAu8C9AAAAAAAAAIBAAAAAAAAACgAAAAAAAAAAAAAAAAAAAL2}}

@article{qin2006overview,
	Author = {Qin, S Joe},
	Date-Added = {2013-08-16 04:06:57 +0000},
	Date-Modified = {2013-09-20 02:09:00 +0000},
	Journal = {Computers \& chemical engineering},
	Keywords = {subspace, closed-loop},
	Number = {10},
	Pages = {1502--1513},
	Publisher = {Elsevier},
	Rating = {5},
	Title = {An overview of subspace identification},
	Volume = {30},
	Year = {2006},
	Bdsk-File-1 = {YnBsaXN0MDDUAQIDBAUGJCVYJHZlcnNpb25YJG9iamVjdHNZJGFyY2hpdmVyVCR0b3ASAAGGoKgHCBMUFRYaIVUkbnVsbNMJCgsMDxJXTlMua2V5c1pOUy5vYmplY3RzViRjbGFzc6INDoACgAOiEBGABIAFgAdccmVsYXRpdmVQYXRoWWFsaWFzRGF0YVxRaW5fMjAwNi5wZGbSFwsYGVdOUy5kYXRhTxEBvAAAAAABvAACAAALTWFjQm9vayBQcm8AAAAAAAAAAAAAAAAAAAAAyNlATUgrAAAJWOM/DFFpbl8yMDA2LnBkZgAAAAAAAAAAAAAAAAAAAAAAAAAAAAAAAAAAAAAAAAAAAAAAAAAAAAAAAAAAAAAAAAAAAAlYwa/OMBx+AAAAAAAAAAAAAQACAAAJIAAAAAAAAAAAAAAAAAAAAAZwYXBlcnMAEAAIAADI2aK9AAAAEQAIAADOMH7uAAAAAQAcCVjjPwlTOYoJUzmBAgROVQH9UHsB/BM+AACTJQACAFJNYWNCb29rIFBybzpVc2VyczoAYWtlZToAU2Nob29sOgBVQ0xBOgAwMSB0aGVzaXM6AHVjbGF0aGVzaXM6AHBhcGVyczoAUWluXzIwMDYucGRmAA4AGgAMAFEAaQBuAF8AMgAwADAANgAuAHAAZABmAA8AGAALAE0AYQBjAEIAbwBvAGsAIABQAHIAbwASAD9Vc2Vycy9ha2VlL1NjaG9vbC9VQ0xBLzAxIHRoZXNpcy91Y2xhdGhlc2lzL3BhcGVycy9RaW5fMjAwNi5wZGYAABMAAS8AABUAAgAL//8AAIAG0hscHR5aJGNsYXNzbmFtZVgkY2xhc3Nlc11OU011dGFibGVEYXRhox0fIFZOU0RhdGFYTlNPYmplY3TSGxwiI1xOU0RpY3Rpb25hcnmiIiBfEA9OU0tleWVkQXJjaGl2ZXLRJidUcm9vdIABAAgAEQAaACMALQAyADcAQABGAE0AVQBgAGcAagBsAG4AcQBzAHUAdwCEAI4AmwCgAKgCaAJqAm8CegKDApEClQKcAqUCqgK3AroCzALPAtQAAAAAAAACAQAAAAAAAAAoAAAAAAAAAAAAAAAAAAAC1g==}}

@inproceedings{pounds2006modelling,
	Author = {Pounds, Paul and Mahony, Robert and Corke, Peter},
	Booktitle = {Proceedings Australasian Conference on Robotics and Automation 2006},
	Date-Added = {2013-08-16 04:06:28 +0000},
	Date-Modified = {2013-09-20 02:31:26 +0000},
	Keywords = {quadrotor, modeling, control},
	Organization = {Australian Robotics and Automation Association Inc.},
	Title = {Modelling and control of a quad-rotor robot},
	Year = {2006},
	Bdsk-File-1 = {YnBsaXN0MDDUAQIDBAUGJCVYJHZlcnNpb25YJG9iamVjdHNZJGFyY2hpdmVyVCR0b3ASAAGGoKgHCBMUFRYaIVUkbnVsbNMJCgsMDxJXTlMua2V5c1pOUy5vYmplY3RzViRjbGFzc6INDoACgAOiEBGABIAFgAdccmVsYXRpdmVQYXRoWWFsaWFzRGF0YV8QD1BvdW5kc18yMDA2LnBkZtIXCxgZV05TLmRhdGFPEQHIAAAAAAHIAAIAAAtNYWNCb29rIFBybwAAAAAAAAAAAAAAAAAAAADI2UBNSCsAAAlY4z8PUG91bmRzXzIwMDYucGRmAAAAAAAAAAAAAAAAAAAAAAAAAAAAAAAAAAAAAAAAAAAAAAAAAAAAAAAAAAAAAAAABIeO9Mtq1AkAAAAAAAAAAAABAAIAAAkgAAAAAAAAAAAAAAAAAAAABnBhcGVycwAQAAgAAMjZor0AAAARAAgAAMtrRIkAAAABABwJWOM/CVM5iglTOYECBE5VAf1QewH8Ez4AAJMlAAIAVU1hY0Jvb2sgUHJvOlVzZXJzOgBha2VlOgBTY2hvb2w6AFVDTEE6ADAxIHRoZXNpczoAdWNsYXRoZXNpczoAcGFwZXJzOgBQb3VuZHNfMjAwNi5wZGYAAA4AIAAPAFAAbwB1AG4AZABzAF8AMgAwADAANgAuAHAAZABmAA8AGAALAE0AYQBjAEIAbwBvAGsAIABQAHIAbwASAEJVc2Vycy9ha2VlL1NjaG9vbC9VQ0xBLzAxIHRoZXNpcy91Y2xhdGhlc2lzL3BhcGVycy9Qb3VuZHNfMjAwNi5wZGYAEwABLwAAFQACAAv//wAAgAbSGxwdHlokY2xhc3NuYW1lWCRjbGFzc2VzXU5TTXV0YWJsZURhdGGjHR8gVk5TRGF0YVhOU09iamVjdNIbHCIjXE5TRGljdGlvbmFyeaIiIF8QD05TS2V5ZWRBcmNoaXZlctEmJ1Ryb290gAEACAARABoAIwAtADIANwBAAEYATQBVAGAAZwBqAGwAbgBxAHMAdQB3AIQAjgCgAKUArQJ5AnsCgAKLApQCogKmAq0CtgK7AsgCywLdAuAC5QAAAAAAAAIBAAAAAAAAACgAAAAAAAAAAAAAAAAAAALn}}

@article{klavins2010quad,
	Author = {Klavins, Eric and Matlack, Charlie and Palm, Justin and Nelson, Andrew and Bradford, Andy},
	Date-Added = {2013-08-16 04:06:09 +0000},
	Date-Modified = {2013-09-08 20:49:38 +0000},
	Keywords = {quadrotor, identification, modeling},
	Title = {Quad-Rotor UAV project},
	Year = {2010},
	Bdsk-File-1 = {YnBsaXN0MDDUAQIDBAUGJCVYJHZlcnNpb25YJG9iamVjdHNZJGFyY2hpdmVyVCR0b3ASAAGGoKgHCBMUFRYaIVUkbnVsbNMJCgsMDxJXTlMua2V5c1pOUy5vYmplY3RzViRjbGFzc6INDoACgAOiEBGABIAFgAdccmVsYXRpdmVQYXRoWWFsaWFzRGF0YV8QEEtsYXZpbnNfMjAxMC5wZGbSFwsYGVdOUy5kYXRhTxEBzAAAAAABzAACAAALTWFjQm9vayBQcm8AAAAAAAAAAAAAAAAAAAAAyNlATUgrAAAJWOM/EEtsYXZpbnNfMjAxMC5wZGYAAAAAAAAAAAAAAAAAAAAAAAAAAAAAAAAAAAAAAAAAAAAAAAAAAAAAAAAAAAAAAASHjv3LjWhiAAAAAAAAAAAAAQACAAAJIAAAAAAAAAAAAAAAAAAAAAZwYXBlcnMAEAAIAADI2aK9AAAAEQAIAADLjcrSAAAAAQAcCVjjPwlTOYoJUzmBAgROVQH9UHsB/BM+AACTJQACAFZNYWNCb29rIFBybzpVc2VyczoAYWtlZToAU2Nob29sOgBVQ0xBOgAwMSB0aGVzaXM6AHVjbGF0aGVzaXM6AHBhcGVyczoAS2xhdmluc18yMDEwLnBkZgAOACIAEABLAGwAYQB2AGkAbgBzAF8AMgAwADEAMAAuAHAAZABmAA8AGAALAE0AYQBjAEIAbwBvAGsAIABQAHIAbwASAENVc2Vycy9ha2VlL1NjaG9vbC9VQ0xBLzAxIHRoZXNpcy91Y2xhdGhlc2lzL3BhcGVycy9LbGF2aW5zXzIwMTAucGRmAAATAAEvAAAVAAIAC///AACABtIbHB0eWiRjbGFzc25hbWVYJGNsYXNzZXNdTlNNdXRhYmxlRGF0YaMdHyBWTlNEYXRhWE5TT2JqZWN00hscIiNcTlNEaWN0aW9uYXJ5oiIgXxAPTlNLZXllZEFyY2hpdmVy0SYnVHJvb3SAAQAIABEAGgAjAC0AMgA3AEAARgBNAFUAYABnAGoAbABuAHEAcwB1AHcAhACOAKEApgCuAn4CgAKFApACmQKnAqsCsgK7AsACzQLQAuIC5QLqAAAAAAAAAgEAAAAAAAAAKAAAAAAAAAAAAAAAAAAAAuw=}}

@article{michael2010grasp,
	Author = {Michael, Nathan and Mellinger, Daniel and Lindsey, Quentin and Kumar, Vijay},
	Date-Added = {2013-08-16 03:56:53 +0000},
	Date-Modified = {2013-08-16 17:33:28 +0000},
	Journal = {Robotics \& Automation Magazine, IEEE},
	Keywords = {upenn, quadrotor, dynamics},
	Number = {3},
	Pages = {56--65},
	Publisher = {IEEE},
	Title = {The grasp multiple micro-uav testbed},
	Volume = {17},
	Year = {2010},
	Bdsk-File-1 = {YnBsaXN0MDDUAQIDBAUGJCVYJHZlcnNpb25YJG9iamVjdHNZJGFyY2hpdmVyVCR0b3ASAAGGoKgHCBMUFRYaIVUkbnVsbNMJCgsMDxJXTlMua2V5c1pOUy5vYmplY3RzViRjbGFzc6INDoACgAOiEBGABIAFgAdccmVsYXRpdmVQYXRoWWFsaWFzRGF0YV8QEE1pY2hhZWxfMjAxMC5wZGbSFwsYGVdOUy5kYXRhTxEBzAAAAAABzAACAAALTWFjQm9vayBQcm8AAAAAAAAAAAAAAAAAAAAAyNlATUgrAAAJWOM/EE1pY2hhZWxfMjAxMC5wZGYAAAAAAAAAAAAAAAAAAAAAAAAAAAAAAAAAAAAAAAAAAAAAAAAAAAAAAAAAAAAAAASHjwjLXwfHAAAAAAAAAAAAAQACAAAJIAAAAAAAAAAAAAAAAAAAAAZwYXBlcnMAEAAIAADI2aK9AAAAEQAIAADLX3hHAAAAAQAcCVjjPwlTOYoJUzmBAgROVQH9UHsB/BM+AACTJQACAFZNYWNCb29rIFBybzpVc2VyczoAYWtlZToAU2Nob29sOgBVQ0xBOgAwMSB0aGVzaXM6AHVjbGF0aGVzaXM6AHBhcGVyczoATWljaGFlbF8yMDEwLnBkZgAOACIAEABNAGkAYwBoAGEAZQBsAF8AMgAwADEAMAAuAHAAZABmAA8AGAALAE0AYQBjAEIAbwBvAGsAIABQAHIAbwASAENVc2Vycy9ha2VlL1NjaG9vbC9VQ0xBLzAxIHRoZXNpcy91Y2xhdGhlc2lzL3BhcGVycy9NaWNoYWVsXzIwMTAucGRmAAATAAEvAAAVAAIAC///AACABtIbHB0eWiRjbGFzc25hbWVYJGNsYXNzZXNdTlNNdXRhYmxlRGF0YaMdHyBWTlNEYXRhWE5TT2JqZWN00hscIiNcTlNEaWN0aW9uYXJ5oiIgXxAPTlNLZXllZEFyY2hpdmVy0SYnVHJvb3SAAQAIABEAGgAjAC0AMgA3AEAARgBNAFUAYABnAGoAbABuAHEAcwB1AHcAhACOAKEApgCuAn4CgAKFApACmQKnAqsCsgK7AsACzQLQAuIC5QLqAAAAAAAAAgEAAAAAAAAAKAAAAAAAAAAAAAAAAAAAAuw=}}

@article{di2003subspace,
	Author = {Di Ruscio, David},
	Date-Added = {2013-08-16 03:56:29 +0000},
	Date-Modified = {2013-09-20 02:25:54 +0000},
	Journal = {Modeling, identification and control},
	Keywords = {subspace, kalman},
	Number = {3},
	Pages = {125--157},
	Publisher = {Research Council of Norway},
	Title = {Subspace system identification of the Kalman filter},
	Volume = {24},
	Year = {2003},
	Bdsk-File-1 = {YnBsaXN0MDDUAQIDBAUGJCVYJHZlcnNpb25YJG9iamVjdHNZJGFyY2hpdmVyVCR0b3ASAAGGoKgHCBMUFRYaIVUkbnVsbNMJCgsMDxJXTlMua2V5c1pOUy5vYmplY3RzViRjbGFzc6INDoACgAOiEBGABIAFgAdccmVsYXRpdmVQYXRoWWFsaWFzRGF0YV8QEkRpIFJ1c2Npb18yMDAzLnBkZtIXCxgZV05TLmRhdGFPEQHUAAAAAAHUAAIAAAtNYWNCb29rIFBybwAAAAAAAAAAAAAAAAAAAADI2UBNSCsAAAlY4z8SRGkgUnVzY2lvXzIwMDMucGRmAAAAAAAAAAAAAAAAAAAAAAAAAAAAAAAAAAAAAAAAAAAAAAAAAAAAAAAAAAAACVjB9M4wHNsAAAAAAAAAAAABAAIAAAkgAAAAAAAAAAAAAAAAAAAABnBhcGVycwAQAAgAAMjZor0AAAARAAgAAM4wf0sAAAABABwJWOM/CVM5iglTOYECBE5VAf1QewH8Ez4AAJMlAAIAWE1hY0Jvb2sgUHJvOlVzZXJzOgBha2VlOgBTY2hvb2w6AFVDTEE6ADAxIHRoZXNpczoAdWNsYXRoZXNpczoAcGFwZXJzOgBEaSBSdXNjaW9fMjAwMy5wZGYADgAmABIARABpACAAUgB1AHMAYwBpAG8AXwAyADAAMAAzAC4AcABkAGYADwAYAAsATQBhAGMAQgBvAG8AawAgAFAAcgBvABIARVVzZXJzL2FrZWUvU2Nob29sL1VDTEEvMDEgdGhlc2lzL3VjbGF0aGVzaXMvcGFwZXJzL0RpIFJ1c2Npb18yMDAzLnBkZgAAEwABLwAAFQACAAv//wAAgAbSGxwdHlokY2xhc3NuYW1lWCRjbGFzc2VzXU5TTXV0YWJsZURhdGGjHR8gVk5TRGF0YVhOU09iamVjdNIbHCIjXE5TRGljdGlvbmFyeaIiIF8QD05TS2V5ZWRBcmNoaXZlctEmJ1Ryb290gAEACAARABoAIwAtADIANwBAAEYATQBVAGAAZwBqAGwAbgBxAHMAdQB3AIQAjgCjAKgAsAKIAooCjwKaAqMCsQK1ArwCxQLKAtcC2gLsAu8C9AAAAAAAAAIBAAAAAAAAACgAAAAAAAAAAAAAAAAAAAL2}}

@inproceedings{mellinger2010control,
	Author = {Mellinger, Daniel and Shomin, Michael and Kumar, Vijay},
	Booktitle = {Proc. Int. Powered Lift Conf},
	Date-Added = {2013-08-16 03:54:56 +0000},
	Date-Modified = {2013-08-16 17:29:49 +0000},
	Keywords = {upenn, quadrotor, control, dynamics},
	Pages = {119--126},
	Title = {Control of quadrotors for robust perching and landing},
	Year = {2010},
	Bdsk-File-1 = {YnBsaXN0MDDUAQIDBAUGJCVYJHZlcnNpb25YJG9iamVjdHNZJGFyY2hpdmVyVCR0b3ASAAGGoKgHCBMUFRYaIVUkbnVsbNMJCgsMDxJXTlMua2V5c1pOUy5vYmplY3RzViRjbGFzc6INDoACgAOiEBGABIAFgAdccmVsYXRpdmVQYXRoWWFsaWFzRGF0YV8QEk1lbGxpbmdlcl8yMDEwLnBkZtIXCxgZV05TLmRhdGFPEQHUAAAAAAHUAAIAAAtNYWNCb29rIFBybwAAAAAAAAAAAAAAAAAAAADI2UBNSCsAAAlY4z8STWVsbGluZ2VyXzIwMTAucGRmAAAAAAAAAAAAAAAAAAAAAAAAAAAAAAAAAAAAAAAAAAAAAAAAAAAAAAAAAAAABIeO4MtfB4QAAAAAAAAAAAABAAIAAAkgAAAAAAAAAAAAAAAAAAAABnBhcGVycwAQAAgAAMjZor0AAAARAAgAAMtfeAQAAAABABwJWOM/CVM5iglTOYECBE5VAf1QewH8Ez4AAJMlAAIAWE1hY0Jvb2sgUHJvOlVzZXJzOgBha2VlOgBTY2hvb2w6AFVDTEE6ADAxIHRoZXNpczoAdWNsYXRoZXNpczoAcGFwZXJzOgBNZWxsaW5nZXJfMjAxMC5wZGYADgAmABIATQBlAGwAbABpAG4AZwBlAHIAXwAyADAAMQAwAC4AcABkAGYADwAYAAsATQBhAGMAQgBvAG8AawAgAFAAcgBvABIARVVzZXJzL2FrZWUvU2Nob29sL1VDTEEvMDEgdGhlc2lzL3VjbGF0aGVzaXMvcGFwZXJzL01lbGxpbmdlcl8yMDEwLnBkZgAAEwABLwAAFQACAAv//wAAgAbSGxwdHlokY2xhc3NuYW1lWCRjbGFzc2VzXU5TTXV0YWJsZURhdGGjHR8gVk5TRGF0YVhOU09iamVjdNIbHCIjXE5TRGljdGlvbmFyeaIiIF8QD05TS2V5ZWRBcmNoaXZlctEmJ1Ryb290gAEACAARABoAIwAtADIANwBAAEYATQBVAGAAZwBqAGwAbgBxAHMAdQB3AIQAjgCjAKgAsAKIAooCjwKaAqMCsQK1ArwCxQLKAtcC2gLsAu8C9AAAAAAAAAIBAAAAAAAAACgAAAAAAAAAAAAAAAAAAAL2}}

@mastersthesis{chamberlain2011system,
	Author = {Caleb Chamberlain},
	Date-Added = {2013-08-16 03:53:08 +0000},
	Date-Modified = {2013-08-16 16:43:58 +0000},
	Keywords = {thesis, control, identification, quadrotor},
	School = {Brigham Young University},
	Title = {System Identification, State Estimation, and Control of Unmanned Aerial Robots},
	Year = {2011},
	Bdsk-File-1 = {YnBsaXN0MDDUAQIDBAUGJCVYJHZlcnNpb25YJG9iamVjdHNZJGFyY2hpdmVyVCR0b3ASAAGGoKgHCBMUFRYaIVUkbnVsbNMJCgsMDxJXTlMua2V5c1pOUy5vYmplY3RzViRjbGFzc6INDoACgAOiEBGABIAFgAdccmVsYXRpdmVQYXRoWWFsaWFzRGF0YV8QFENoYW1iZXJsYWluXzIwMTEucGRm0hcLGBlXTlMuZGF0YU8RAdwAAAAAAdwAAgAAC01hY0Jvb2sgUHJvAAAAAAAAAAAAAAAAAAAAAMjZQE1IKwAACVjjPxRDaGFtYmVybGFpbl8yMDExLnBkZgAAAAAAAAAAAAAAAAAAAAAAAAAAAAAAAAAAAAAAAAAAAAAAAAAAAAAAAAAJWMJTzjAdKQAAAAAAAAAAAAEAAgAACSAAAAAAAAAAAAAAAAAAAAAGcGFwZXJzABAACAAAyNmivQAAABEACAAAzjB/mQAAAAEAHAlY4z8JUzmKCVM5gQIETlUB/VB7AfwTPgAAkyUAAgBaTWFjQm9vayBQcm86VXNlcnM6AGFrZWU6AFNjaG9vbDoAVUNMQToAMDEgdGhlc2lzOgB1Y2xhdGhlc2lzOgBwYXBlcnM6AENoYW1iZXJsYWluXzIwMTEucGRmAA4AKgAUAEMAaABhAG0AYgBlAHIAbABhAGkAbgBfADIAMAAxADEALgBwAGQAZgAPABgACwBNAGEAYwBCAG8AbwBrACAAUAByAG8AEgBHVXNlcnMvYWtlZS9TY2hvb2wvVUNMQS8wMSB0aGVzaXMvdWNsYXRoZXNpcy9wYXBlcnMvQ2hhbWJlcmxhaW5fMjAxMS5wZGYAABMAAS8AABUAAgAL//8AAIAG0hscHR5aJGNsYXNzbmFtZVgkY2xhc3Nlc11OU011dGFibGVEYXRhox0fIFZOU0RhdGFYTlNPYmplY3TSGxwiI1xOU0RpY3Rpb25hcnmiIiBfEA9OU0tleWVkQXJjaGl2ZXLRJidUcm9vdIABAAgAEQAaACMALQAyADcAQABGAE0AVQBgAGcAagBsAG4AcQBzAHUAdwCEAI4ApQCqALICkgKUApkCpAKtArsCvwLGAs8C1ALhAuQC9gL5Av4AAAAAAAACAQAAAAAAAAAoAAAAAAAAAAAAAAAAAAADAA==}}

@article{forssell1999closed,
	Author = {Forssell, Urban},
	Date-Added = {2013-08-16 03:51:46 +0000},
	Date-Modified = {2013-09-20 02:22:30 +0000},
	Journal = {LINKOPING STUDIES IN SCIENCE AND TECHNOLOGY-DISSERTATIONS-},
	Keywords = {identification, closed-loop, PEM},
	Publisher = {LINKOEPING UNIVERSITY},
	Title = {Closed-loop identification methods, theory, and applications},
	Year = {1999},
	Bdsk-File-1 = {YnBsaXN0MDDUAQIDBAUGJCVYJHZlcnNpb25YJG9iamVjdHNZJGFyY2hpdmVyVCR0b3ASAAGGoKgHCBMUFRYaIVUkbnVsbNMJCgsMDxJXTlMua2V5c1pOUy5vYmplY3RzViRjbGFzc6INDoACgAOiEBGABIAFgAdccmVsYXRpdmVQYXRoWWFsaWFzRGF0YV8QEUZvcnNzZWxsXzE5OTkucGRm0hcLGBlXTlMuZGF0YU8RAdAAAAAAAdAAAgAAC01hY0Jvb2sgUHJvAAAAAAAAAAAAAAAAAAAAAMjZQE1IKwAACVjjPxFGb3Jzc2VsbF8xOTk5LnBkZgAAAAAAAAAAAAAAAAAAAAAAAAAAAAAAAAAAAAAAAAAAAAAAAAAAAAAAAAAAAAAJWMIWzjAdCQAAAAAAAAAAAAEAAgAACSAAAAAAAAAAAAAAAAAAAAAGcGFwZXJzABAACAAAyNmivQAAABEACAAAzjB/eQAAAAEAHAlY4z8JUzmKCVM5gQIETlUB/VB7AfwTPgAAkyUAAgBXTWFjQm9vayBQcm86VXNlcnM6AGFrZWU6AFNjaG9vbDoAVUNMQToAMDEgdGhlc2lzOgB1Y2xhdGhlc2lzOgBwYXBlcnM6AEZvcnNzZWxsXzE5OTkucGRmAAAOACQAEQBGAG8AcgBzAHMAZQBsAGwAXwAxADkAOQA5AC4AcABkAGYADwAYAAsATQBhAGMAQgBvAG8AawAgAFAAcgBvABIARFVzZXJzL2FrZWUvU2Nob29sL1VDTEEvMDEgdGhlc2lzL3VjbGF0aGVzaXMvcGFwZXJzL0ZvcnNzZWxsXzE5OTkucGRmABMAAS8AABUAAgAL//8AAIAG0hscHR5aJGNsYXNzbmFtZVgkY2xhc3Nlc11OU011dGFibGVEYXRhox0fIFZOU0RhdGFYTlNPYmplY3TSGxwiI1xOU0RpY3Rpb25hcnmiIiBfEA9OU0tleWVkQXJjaGl2ZXLRJidUcm9vdIABAAgAEQAaACMALQAyADcAQABGAE0AVQBgAGcAagBsAG4AcQBzAHUAdwCEAI4AogCnAK8CgwKFAooClQKeAqwCsAK3AsACxQLSAtUC5wLqAu8AAAAAAAACAQAAAAAAAAAoAAAAAAAAAAAAAAAAAAAC8Q==}}

@article{luukkonen2011modelling,
	Author = {Luukkonen, Teppo},
	Date-Added = {2013-08-16 03:51:08 +0000},
	Date-Modified = {2013-08-16 16:46:14 +0000},
	Journal = {Independent research project in applied mathematics, Aalto University},
	Keywords = {dynamics, control, quadrotor},
	Title = {Modelling and control of quadcopter},
	Year = {2011},
	Bdsk-File-1 = {YnBsaXN0MDDUAQIDBAUGJCVYJHZlcnNpb25YJG9iamVjdHNZJGFyY2hpdmVyVCR0b3ASAAGGoKgHCBMUFRYaIVUkbnVsbNMJCgsMDxJXTlMua2V5c1pOUy5vYmplY3RzViRjbGFzc6INDoACgAOiEBGABIAFgAdccmVsYXRpdmVQYXRoWWFsaWFzRGF0YV8QEkx1dWtrb25lbl8yMDExLnBkZtIXCxgZV05TLmRhdGFPEQHUAAAAAAHUAAIAAAtNYWNCb29rIFBybwAAAAAAAAAAAAAAAAAAAADI2UBNSCsAAAlY4z8STHV1a2tvbmVuXzIwMTEucGRmAAAAAAAAAAAAAAAAAAAAAAAAAAAAAAAAAAAAAAAAAAAAAAAAAAAAAAAAAAAABIeN+MtNg0UAAAAAAAAAAAABAAIAAAkgAAAAAAAAAAAAAAAAAAAABnBhcGVycwAQAAgAAMjZor0AAAARAAgAAMtN88UAAAABABwJWOM/CVM5iglTOYECBE5VAf1QewH8Ez4AAJMlAAIAWE1hY0Jvb2sgUHJvOlVzZXJzOgBha2VlOgBTY2hvb2w6AFVDTEE6ADAxIHRoZXNpczoAdWNsYXRoZXNpczoAcGFwZXJzOgBMdXVra29uZW5fMjAxMS5wZGYADgAmABIATAB1AHUAawBrAG8AbgBlAG4AXwAyADAAMQAxAC4AcABkAGYADwAYAAsATQBhAGMAQgBvAG8AawAgAFAAcgBvABIARVVzZXJzL2FrZWUvU2Nob29sL1VDTEEvMDEgdGhlc2lzL3VjbGF0aGVzaXMvcGFwZXJzL0x1dWtrb25lbl8yMDExLnBkZgAAEwABLwAAFQACAAv//wAAgAbSGxwdHlokY2xhc3NuYW1lWCRjbGFzc2VzXU5TTXV0YWJsZURhdGGjHR8gVk5TRGF0YVhOU09iamVjdNIbHCIjXE5TRGljdGlvbmFyeaIiIF8QD05TS2V5ZWRBcmNoaXZlctEmJ1Ryb290gAEACAARABoAIwAtADIANwBAAEYATQBVAGAAZwBqAGwAbgBxAHMAdQB3AIQAjgCjAKgAsAKIAooCjwKaAqMCsQK1ArwCxQLKAtcC2gLsAu8C9AAAAAAAAAIBAAAAAAAAACgAAAAAAAAAAAAAAAAAAAL2}}

@inproceedings{li2011dynamic,
	Author = {Li, Jun and Li, Yuntang},
	Booktitle = {Mechatronics and Automation (ICMA), 2011 International Conference on},
	Date-Added = {2013-08-16 03:50:36 +0000},
	Date-Modified = {2013-08-16 16:43:47 +0000},
	Keywords = {quadrotor, dynamics, control},
	Organization = {IEEE},
	Pages = {573--578},
	Title = {Dynamic analysis and PID control for a quadrotor},
	Year = {2011},
	Bdsk-File-1 = {YnBsaXN0MDDUAQIDBAUGJCVYJHZlcnNpb25YJG9iamVjdHNZJGFyY2hpdmVyVCR0b3ASAAGGoKgHCBMUFRYaIVUkbnVsbNMJCgsMDxJXTlMua2V5c1pOUy5vYmplY3RzViRjbGFzc6INDoACgAOiEBGABIAFgAdccmVsYXRpdmVQYXRoWWFsaWFzRGF0YVtMaV8yMDExLnBkZtIXCxgZV05TLmRhdGFPEQG4AAAAAAG4AAIAAAtNYWNCb29rIFBybwAAAAAAAAAAAAAAAAAAAADI2UBNSCsAAAlY4z8LTGlfMjAxMS5wZGYAAAAAAAAAAAAAAAAAAAAAAAAAAAAAAAAAAAAAAAAAAAAAAAAAAAAAAAAAAAAAAAAAAAAABIeO5stqnUQAAAAAAAAAAAABAAIAAAkgAAAAAAAAAAAAAAAAAAAABnBhcGVycwAQAAgAAMjZor0AAAARAAgAAMtrDcQAAAABABwJWOM/CVM5iglTOYECBE5VAf1QewH8Ez4AAJMlAAIAUU1hY0Jvb2sgUHJvOlVzZXJzOgBha2VlOgBTY2hvb2w6AFVDTEE6ADAxIHRoZXNpczoAdWNsYXRoZXNpczoAcGFwZXJzOgBMaV8yMDExLnBkZgAADgAYAAsATABpAF8AMgAwADEAMQAuAHAAZABmAA8AGAALAE0AYQBjAEIAbwBvAGsAIABQAHIAbwASAD5Vc2Vycy9ha2VlL1NjaG9vbC9VQ0xBLzAxIHRoZXNpcy91Y2xhdGhlc2lzL3BhcGVycy9MaV8yMDExLnBkZgATAAEvAAAVAAIAC///AACABtIbHB0eWiRjbGFzc25hbWVYJGNsYXNzZXNdTlNNdXRhYmxlRGF0YaMdHyBWTlNEYXRhWE5TT2JqZWN00hscIiNcTlNEaWN0aW9uYXJ5oiIgXxAPTlNLZXllZEFyY2hpdmVy0SYnVHJvb3SAAQAIABEAGgAjAC0AMgA3AEAARgBNAFUAYABnAGoAbABuAHEAcwB1AHcAhACOAJoAnwCnAmMCZQJqAnUCfgKMApAClwKgAqUCsgK1AscCygLPAAAAAAAAAgEAAAAAAAAAKAAAAAAAAAAAAAAAAAAAAtE=}}

@article{leong2008development,
	Author = {Leong, Hou In},
	Date-Added = {2013-08-16 03:49:14 +0000},
	Date-Modified = {2013-08-16 03:49:25 +0000},
	Keywords = {thesis},
	Publisher = {University of Kansas},
	Title = {Development of a 6DOF Nonlinear Simulation Model Enhanced with Fine Tuning Procedures},
	Year = {2008},
	Bdsk-File-1 = {YnBsaXN0MDDUAQIDBAUGJCVYJHZlcnNpb25YJG9iamVjdHNZJGFyY2hpdmVyVCR0b3ASAAGGoKgHCBMUFRYaIVUkbnVsbNMJCgsMDxJXTlMua2V5c1pOUy5vYmplY3RzViRjbGFzc6INDoACgAOiEBGABIAFgAdccmVsYXRpdmVQYXRoWWFsaWFzRGF0YV5MZW9uZ18yMDA4LnBkZtIXCxgZV05TLmRhdGFPEQHEAAAAAAHEAAIAAAtNYWNCb29rIFBybwAAAAAAAAAAAAAAAAAAAADI2UBNSCsAAAlY4z8OTGVvbmdfMjAwOC5wZGYAAAAAAAAAAAAAAAAAAAAAAAAAAAAAAAAAAAAAAAAAAAAAAAAAAAAAAAAAAAAAAAAABIePEMtDR5QAAAAAAAAAAAABAAIAAAkgAAAAAAAAAAAAAAAAAAAABnBhcGVycwAQAAgAAMjZor0AAAARAAgAAMtDuBQAAAABABwJWOM/CVM5iglTOYECBE5VAf1QewH8Ez4AAJMlAAIAVE1hY0Jvb2sgUHJvOlVzZXJzOgBha2VlOgBTY2hvb2w6AFVDTEE6ADAxIHRoZXNpczoAdWNsYXRoZXNpczoAcGFwZXJzOgBMZW9uZ18yMDA4LnBkZgAOAB4ADgBMAGUAbwBuAGcAXwAyADAAMAA4AC4AcABkAGYADwAYAAsATQBhAGMAQgBvAG8AawAgAFAAcgBvABIAQVVzZXJzL2FrZWUvU2Nob29sL1VDTEEvMDEgdGhlc2lzL3VjbGF0aGVzaXMvcGFwZXJzL0xlb25nXzIwMDgucGRmAAATAAEvAAAVAAIAC///AACABtIbHB0eWiRjbGFzc25hbWVYJGNsYXNzZXNdTlNNdXRhYmxlRGF0YaMdHyBWTlNEYXRhWE5TT2JqZWN00hscIiNcTlNEaWN0aW9uYXJ5oiIgXxAPTlNLZXllZEFyY2hpdmVy0SYnVHJvb3SAAQAIABEAGgAjAC0AMgA3AEAARgBNAFUAYABnAGoAbABuAHEAcwB1AHcAhACOAJ0AogCqAnICdAJ5AoQCjQKbAp8CpgKvArQCwQLEAtYC2QLeAAAAAAAAAgEAAAAAAAAAKAAAAAAAAAAAAAAAAAAAAuA=}}

@article{kirn1998mathematical,
	Author = {Kirn, SK and Tilburyt, DM},
	Date-Added = {2013-08-16 03:48:38 +0000},
	Date-Modified = {2013-09-20 02:21:42 +0000},
	Keywords = {identification, modeling},
	Title = {Mathematical modeling and experimental identification of a model helicopter},
	Year = {1998},
	Bdsk-File-1 = {YnBsaXN0MDDUAQIDBAUGJCVYJHZlcnNpb25YJG9iamVjdHNZJGFyY2hpdmVyVCR0b3ASAAGGoKgHCBMUFRYaIVUkbnVsbNMJCgsMDxJXTlMua2V5c1pOUy5vYmplY3RzViRjbGFzc6INDoACgAOiEBGABIAFgAdccmVsYXRpdmVQYXRoWWFsaWFzRGF0YV1LaXJuXzE5OTgucGRm0hcLGBlXTlMuZGF0YU8RAcAAAAAAAcAAAgAAC01hY0Jvb2sgUHJvAAAAAAAAAAAAAAAAAAAAAMjZQE1IKwAACVjjPw1LaXJuXzE5OTgucGRmAAAAAAAAAAAAAAAAAAAAAAAAAAAAAAAAAAAAAAAAAAAAAAAAAAAAAAAAAAAAAAAAAAAJWMHzzjAc2wAAAAAAAAAAAAEAAgAACSAAAAAAAAAAAAAAAAAAAAAGcGFwZXJzABAACAAAyNmivQAAABEACAAAzjB/SwAAAAEAHAlY4z8JUzmKCVM5gQIETlUB/VB7AfwTPgAAkyUAAgBTTWFjQm9vayBQcm86VXNlcnM6AGFrZWU6AFNjaG9vbDoAVUNMQToAMDEgdGhlc2lzOgB1Y2xhdGhlc2lzOgBwYXBlcnM6AEtpcm5fMTk5OC5wZGYAAA4AHAANAEsAaQByAG4AXwAxADkAOQA4AC4AcABkAGYADwAYAAsATQBhAGMAQgBvAG8AawAgAFAAcgBvABIAQFVzZXJzL2FrZWUvU2Nob29sL1VDTEEvMDEgdGhlc2lzL3VjbGF0aGVzaXMvcGFwZXJzL0tpcm5fMTk5OC5wZGYAEwABLwAAFQACAAv//wAAgAbSGxwdHlokY2xhc3NuYW1lWCRjbGFzc2VzXU5TTXV0YWJsZURhdGGjHR8gVk5TRGF0YVhOU09iamVjdNIbHCIjXE5TRGljdGlvbmFyeaIiIF8QD05TS2V5ZWRBcmNoaXZlctEmJ1Ryb290gAEACAARABoAIwAtADIANwBAAEYATQBVAGAAZwBqAGwAbgBxAHMAdQB3AIQAjgCcAKEAqQJtAm8CdAJ/AogClgKaAqECqgKvArwCvwLRAtQC2QAAAAAAAAIBAAAAAAAAACgAAAAAAAAAAAAAAAAAAALb}}

@article{kivrak2006design,
	Author = {Kivrak, Arda {\"O}zg{\"u}r},
	Date-Added = {2013-08-16 01:37:29 +0000},
	Date-Modified = {2013-09-20 02:30:49 +0000},
	Journal = {Atilim University, December},
	Keywords = {thesis, quadrotor, control, modeling, dynamics},
	Title = {Design of control systems for a quadrotor flight vehicle equipped with inertial sensors},
	Year = {2006},
	Bdsk-File-1 = {YnBsaXN0MDDUAQIDBAUGJCVYJHZlcnNpb25YJG9iamVjdHNZJGFyY2hpdmVyVCR0b3ASAAGGoKgHCBMUFRYaIVUkbnVsbNMJCgsMDxJXTlMua2V5c1pOUy5vYmplY3RzViRjbGFzc6INDoACgAOiEBGABIAFgAdccmVsYXRpdmVQYXRoWWFsaWFzRGF0YV8QD0tpdnJha18yMDA2LnBkZtIXCxgZV05TLmRhdGFPEQHIAAAAAAHIAAIAAAtNYWNCb29rIFBybwAAAAAAAAAAAAAAAAAAAADI2UBNSCsAAAlY4z8PS2l2cmFrXzIwMDYucGRmAAAAAAAAAAAAAAAAAAAAAAAAAAAAAAAAAAAAAAAAAAAAAAAAAAAAAAAAAAAAAAAABIeO8cuNKpgAAAAAAAAAAAABAAIAAAkgAAAAAAAAAAAAAAAAAAAABnBhcGVycwAQAAgAAMjZor0AAAARAAgAAMuNjQgAAAABABwJWOM/CVM5iglTOYECBE5VAf1QewH8Ez4AAJMlAAIAVU1hY0Jvb2sgUHJvOlVzZXJzOgBha2VlOgBTY2hvb2w6AFVDTEE6ADAxIHRoZXNpczoAdWNsYXRoZXNpczoAcGFwZXJzOgBLaXZyYWtfMjAwNi5wZGYAAA4AIAAPAEsAaQB2AHIAYQBrAF8AMgAwADAANgAuAHAAZABmAA8AGAALAE0AYQBjAEIAbwBvAGsAIABQAHIAbwASAEJVc2Vycy9ha2VlL1NjaG9vbC9VQ0xBLzAxIHRoZXNpcy91Y2xhdGhlc2lzL3BhcGVycy9LaXZyYWtfMjAwNi5wZGYAEwABLwAAFQACAAv//wAAgAbSGxwdHlokY2xhc3NuYW1lWCRjbGFzc2VzXU5TTXV0YWJsZURhdGGjHR8gVk5TRGF0YVhOU09iamVjdNIbHCIjXE5TRGljdGlvbmFyeaIiIF8QD05TS2V5ZWRBcmNoaXZlctEmJ1Ryb290gAEACAARABoAIwAtADIANwBAAEYATQBVAGAAZwBqAGwAbgBxAHMAdQB3AIQAjgCgAKUArQJ5AnsCgAKLApQCogKmAq0CtgK7AsgCywLdAuAC5QAAAAAAAAIBAAAAAAAAACgAAAAAAAAAAAAAAAAAAALn}}

@article{phan1994system,
	Author = {Phan, Minh and Juang, Jer-Nan and Horta, Lucas G and Longman, Richard W},
	Date-Added = {2013-08-16 01:37:01 +0000},
	Date-Modified = {2013-09-08 21:26:37 +0000},
	Journal = {Journal of guidance, control, and dynamics},
	Keywords = {system, identification, closed-loop},
	Number = {4},
	Pages = {661--669},
	Rating = {0},
	Title = {System identification from closed-loop data with known output feedback dynamics},
	Volume = {17},
	Year = {1994},
	Bdsk-File-1 = {YnBsaXN0MDDUAQIDBAUGJCVYJHZlcnNpb25YJG9iamVjdHNZJGFyY2hpdmVyVCR0b3ASAAGGoKgHCBMUFRYaIVUkbnVsbNMJCgsMDxJXTlMua2V5c1pOUy5vYmplY3RzViRjbGFzc6INDoACgAOiEBGABIAFgAdccmVsYXRpdmVQYXRoWWFsaWFzRGF0YV1QaGFuXzE5OTQucGRm0hcLGBlXTlMuZGF0YU8RAcAAAAAAAcAAAgAAC01hY0Jvb2sgUHJvAAAAAAAAAAAAAAAAAAAAAMjZQE1IKwAACVjjPw1QaGFuXzE5OTQucGRmAAAAAAAAAAAAAAAAAAAAAAAAAAAAAAAAAAAAAAAAAAAAAAAAAAAAAAAAAAAAAAAAAAAJWMJOzjAdKQAAAAAAAAAAAAEAAgAACSAAAAAAAAAAAAAAAAAAAAAGcGFwZXJzABAACAAAyNmivQAAABEACAAAzjB/mQAAAAEAHAlY4z8JUzmKCVM5gQIETlUB/VB7AfwTPgAAkyUAAgBTTWFjQm9vayBQcm86VXNlcnM6AGFrZWU6AFNjaG9vbDoAVUNMQToAMDEgdGhlc2lzOgB1Y2xhdGhlc2lzOgBwYXBlcnM6AFBoYW5fMTk5NC5wZGYAAA4AHAANAFAAaABhAG4AXwAxADkAOQA0AC4AcABkAGYADwAYAAsATQBhAGMAQgBvAG8AawAgAFAAcgBvABIAQFVzZXJzL2FrZWUvU2Nob29sL1VDTEEvMDEgdGhlc2lzL3VjbGF0aGVzaXMvcGFwZXJzL1BoYW5fMTk5NC5wZGYAEwABLwAAFQACAAv//wAAgAbSGxwdHlokY2xhc3NuYW1lWCRjbGFzc2VzXU5TTXV0YWJsZURhdGGjHR8gVk5TRGF0YVhOU09iamVjdNIbHCIjXE5TRGljdGlvbmFyeaIiIF8QD05TS2V5ZWRBcmNoaXZlctEmJ1Ryb290gAEACAARABoAIwAtADIANwBAAEYATQBVAGAAZwBqAGwAbgBxAHMAdQB3AIQAjgCcAKEAqQJtAm8CdAJ/AogClgKaAqECqgKvArwCvwLRAtQC2QAAAAAAAAIBAAAAAAAAACgAAAAAAAAAAAAAAAAAAALb}}

@article{juang1993identification,
	Author = {Juang, Jer-Nan and Phan, Minh and Horta, Lucas G and Longman, Richard W},
	Date-Added = {2013-08-16 01:36:36 +0000},
	Date-Modified = {2013-09-20 02:19:13 +0000},
	Journal = {Journal of Guidance, Control, and Dynamics},
	Keywords = {kalman, identification},
	Number = {2},
	Pages = {320--329},
	Title = {Identification of observer/Kalman filter Markov parameters-Theory and experiments},
	Volume = {16},
	Year = {1993},
	Bdsk-File-1 = {YnBsaXN0MDDUAQIDBAUGJCVYJHZlcnNpb25YJG9iamVjdHNZJGFyY2hpdmVyVCR0b3ASAAGGoKgHCBMUFRYaIVUkbnVsbNMJCgsMDxJXTlMua2V5c1pOUy5vYmplY3RzViRjbGFzc6INDoACgAOiEBGABIAFgAdccmVsYXRpdmVQYXRoWWFsaWFzRGF0YV5KdWFuZ18xOTkzLnBkZtIXCxgZV05TLmRhdGFPEQHEAAAAAAHEAAIAAAtNYWNCb29rIFBybwAAAAAAAAAAAAAAAAAAAADI2UBNSCsAAAlY4z8OSnVhbmdfMTk5My5wZGYAAAAAAAAAAAAAAAAAAAAAAAAAAAAAAAAAAAAAAAAAAAAAAAAAAAAAAAAAAAAAAAAACVjCGs4wHQkAAAAAAAAAAAABAAIAAAkgAAAAAAAAAAAAAAAAAAAABnBhcGVycwAQAAgAAMjZor0AAAARAAgAAM4wf3kAAAABABwJWOM/CVM5iglTOYECBE5VAf1QewH8Ez4AAJMlAAIAVE1hY0Jvb2sgUHJvOlVzZXJzOgBha2VlOgBTY2hvb2w6AFVDTEE6ADAxIHRoZXNpczoAdWNsYXRoZXNpczoAcGFwZXJzOgBKdWFuZ18xOTkzLnBkZgAOAB4ADgBKAHUAYQBuAGcAXwAxADkAOQAzAC4AcABkAGYADwAYAAsATQBhAGMAQgBvAG8AawAgAFAAcgBvABIAQVVzZXJzL2FrZWUvU2Nob29sL1VDTEEvMDEgdGhlc2lzL3VjbGF0aGVzaXMvcGFwZXJzL0p1YW5nXzE5OTMucGRmAAATAAEvAAAVAAIAC///AACABtIbHB0eWiRjbGFzc25hbWVYJGNsYXNzZXNdTlNNdXRhYmxlRGF0YaMdHyBWTlNEYXRhWE5TT2JqZWN00hscIiNcTlNEaWN0aW9uYXJ5oiIgXxAPTlNLZXllZEFyY2hpdmVy0SYnVHJvb3SAAQAIABEAGgAjAC0AMgA3AEAARgBNAFUAYABnAGoAbABuAHEAcwB1AHcAhACOAJ0AogCqAnICdAJ5AoQCjQKbAp8CpgKvArQCwQLEAtYC2QLeAAAAAAAAAgEAAAAAAAAAKAAAAAAAAAAAAAAAAAAAAuA=}}

@article{poshtan2005subspace,
	Author = {Poshtan, J and Mojallali, H},
	Date-Added = {2013-08-16 01:36:01 +0000},
	Date-Modified = {2013-09-20 02:29:38 +0000},
	Journal = {Iranian Journal of Electrical \& Electronic Engineering},
	Keywords = {subspace, identification},
	Number = {1},
	Pages = {11--17},
	Title = {Subspace system identification},
	Volume = {1},
	Year = {2005},
	Bdsk-File-1 = {YnBsaXN0MDDUAQIDBAUGJCVYJHZlcnNpb25YJG9iamVjdHNZJGFyY2hpdmVyVCR0b3ASAAGGoKgHCBMUFRYaIVUkbnVsbNMJCgsMDxJXTlMua2V5c1pOUy5vYmplY3RzViRjbGFzc6INDoACgAOiEBGABIAFgAdccmVsYXRpdmVQYXRoWWFsaWFzRGF0YV8QEFBvc2h0YW5fMjAwNS5wZGbSFwsYGVdOUy5kYXRhTxEBzAAAAAABzAACAAALTWFjQm9vayBQcm8AAAAAAAAAAAAAAAAAAAAAyNlATUgrAAAJWOM/EFBvc2h0YW5fMjAwNS5wZGYAAAAAAAAAAAAAAAAAAAAAAAAAAAAAAAAAAAAAAAAAAAAAAAAAAAAAAAAAAAAAAAlYwkzOMB0pAAAAAAAAAAAAAQACAAAJIAAAAAAAAAAAAAAAAAAAAAZwYXBlcnMAEAAIAADI2aK9AAAAEQAIAADOMH+ZAAAAAQAcCVjjPwlTOYoJUzmBAgROVQH9UHsB/BM+AACTJQACAFZNYWNCb29rIFBybzpVc2VyczoAYWtlZToAU2Nob29sOgBVQ0xBOgAwMSB0aGVzaXM6AHVjbGF0aGVzaXM6AHBhcGVyczoAUG9zaHRhbl8yMDA1LnBkZgAOACIAEABQAG8AcwBoAHQAYQBuAF8AMgAwADAANQAuAHAAZABmAA8AGAALAE0AYQBjAEIAbwBvAGsAIABQAHIAbwASAENVc2Vycy9ha2VlL1NjaG9vbC9VQ0xBLzAxIHRoZXNpcy91Y2xhdGhlc2lzL3BhcGVycy9Qb3NodGFuXzIwMDUucGRmAAATAAEvAAAVAAIAC///AACABtIbHB0eWiRjbGFzc25hbWVYJGNsYXNzZXNdTlNNdXRhYmxlRGF0YaMdHyBWTlNEYXRhWE5TT2JqZWN00hscIiNcTlNEaWN0aW9uYXJ5oiIgXxAPTlNLZXllZEFyY2hpdmVy0SYnVHJvb3SAAQAIABEAGgAjAC0AMgA3AEAARgBNAFUAYABnAGoAbABuAHEAcwB1AHcAhACOAKEApgCuAn4CgAKFApACmQKnAqsCsgK7AsACzQLQAuIC5QLqAAAAAAAAAgEAAAAAAAAAKAAAAAAAAAAAAAAAAAAAAuw=}}

@inproceedings{fang2010design,
	Author = {Fang, Zheng and Wang, Xiu-ying and Sun, Jian},
	Booktitle = {Intelligent Control and Automation (WCICA), 2010 8th World Congress on},
	Date-Added = {2013-08-16 01:32:35 +0000},
	Date-Modified = {2013-08-16 17:30:28 +0000},
	Keywords = {quadrotor, dynamics, control},
	Organization = {IEEE},
	Pages = {429--434},
	Title = {Design and nonlinear control of an indoor quadrotor flying robot},
	Year = {2010},
	Bdsk-File-1 = {YnBsaXN0MDDUAQIDBAUGJCVYJHZlcnNpb25YJG9iamVjdHNZJGFyY2hpdmVyVCR0b3ASAAGGoKgHCBMUFRYaIVUkbnVsbNMJCgsMDxJXTlMua2V5c1pOUy5vYmplY3RzViRjbGFzc6INDoACgAOiEBGABIAFgAdccmVsYXRpdmVQYXRoWWFsaWFzRGF0YV1GYW5nXzIwMTAucGRm0hcLGBlXTlMuZGF0YU8RAcAAAAAAAcAAAgAAC01hY0Jvb2sgUHJvAAAAAAAAAAAAAAAAAAAAAMjZQE1IKwAACVjjPw1GYW5nXzIwMTAucGRmAAAAAAAAAAAAAAAAAAAAAAAAAAAAAAAAAAAAAAAAAAAAAAAAAAAAAAAAAAAAAAAAAAAEh47jy3ZjwwAAAAAAAAAAAAEAAgAACSAAAAAAAAAAAAAAAAAAAAAGcGFwZXJzABAACAAAyNmivQAAABEACAAAy3bUQwAAAAEAHAlY4z8JUzmKCVM5gQIETlUB/VB7AfwTPgAAkyUAAgBTTWFjQm9vayBQcm86VXNlcnM6AGFrZWU6AFNjaG9vbDoAVUNMQToAMDEgdGhlc2lzOgB1Y2xhdGhlc2lzOgBwYXBlcnM6AEZhbmdfMjAxMC5wZGYAAA4AHAANAEYAYQBuAGcAXwAyADAAMQAwAC4AcABkAGYADwAYAAsATQBhAGMAQgBvAG8AawAgAFAAcgBvABIAQFVzZXJzL2FrZWUvU2Nob29sL1VDTEEvMDEgdGhlc2lzL3VjbGF0aGVzaXMvcGFwZXJzL0ZhbmdfMjAxMC5wZGYAEwABLwAAFQACAAv//wAAgAbSGxwdHlokY2xhc3NuYW1lWCRjbGFzc2VzXU5TTXV0YWJsZURhdGGjHR8gVk5TRGF0YVhOU09iamVjdNIbHCIjXE5TRGljdGlvbmFyeaIiIF8QD05TS2V5ZWRBcmNoaXZlctEmJ1Ryb290gAEACAARABoAIwAtADIANwBAAEYATQBVAGAAZwBqAGwAbgBxAHMAdQB3AIQAjgCcAKEAqQJtAm8CdAJ/AogClgKaAqECqgKvArwCvwLRAtQC2QAAAAAAAAIBAAAAAAAAACgAAAAAAAAAAAAAAAAAAALb}}

@inproceedings{erginer2007modeling,
	Author = {Erginer, Bora and Altug, Erdinc},
	Booktitle = {Intelligent Vehicles Symposium, 2007 IEEE},
	Date-Added = {2013-08-16 01:31:28 +0000},
	Date-Modified = {2013-09-20 02:36:36 +0000},
	Keywords = {quadrotor, modeling, control},
	Organization = {IEEE},
	Pages = {894--899},
	Title = {Modeling and PD control of a quadrotor VTOL vehicle},
	Year = {2007},
	Bdsk-File-1 = {YnBsaXN0MDDUAQIDBAUGJCVYJHZlcnNpb25YJG9iamVjdHNZJGFyY2hpdmVyVCR0b3ASAAGGoKgHCBMUFRYaIVUkbnVsbNMJCgsMDxJXTlMua2V5c1pOUy5vYmplY3RzViRjbGFzc6INDoACgAOiEBGABIAFgAdccmVsYXRpdmVQYXRoWWFsaWFzRGF0YV8QEEVyZ2luZXJfMjAwNy5wZGbSFwsYGVdOUy5kYXRhTxEBzAAAAAABzAACAAALTWFjQm9vayBQcm8AAAAAAAAAAAAAAAAAAAAAyNlATUgrAAAJWOM/EEVyZ2luZXJfMjAwNy5wZGYAAAAAAAAAAAAAAAAAAAAAAAAAAAAAAAAAAAAAAAAAAAAAAAAAAAAAAAAAAAAAAASHjvPLkPGtAAAAAAAAAAAAAQACAAAJIAAAAAAAAAAAAAAAAAAAAAZwYXBlcnMAEAAIAADI2aK9AAAAEQAIAADLkVQdAAAAAQAcCVjjPwlTOYoJUzmBAgROVQH9UHsB/BM+AACTJQACAFZNYWNCb29rIFBybzpVc2VyczoAYWtlZToAU2Nob29sOgBVQ0xBOgAwMSB0aGVzaXM6AHVjbGF0aGVzaXM6AHBhcGVyczoARXJnaW5lcl8yMDA3LnBkZgAOACIAEABFAHIAZwBpAG4AZQByAF8AMgAwADAANwAuAHAAZABmAA8AGAALAE0AYQBjAEIAbwBvAGsAIABQAHIAbwASAENVc2Vycy9ha2VlL1NjaG9vbC9VQ0xBLzAxIHRoZXNpcy91Y2xhdGhlc2lzL3BhcGVycy9FcmdpbmVyXzIwMDcucGRmAAATAAEvAAAVAAIAC///AACABtIbHB0eWiRjbGFzc25hbWVYJGNsYXNzZXNdTlNNdXRhYmxlRGF0YaMdHyBWTlNEYXRhWE5TT2JqZWN00hscIiNcTlNEaWN0aW9uYXJ5oiIgXxAPTlNLZXllZEFyY2hpdmVy0SYnVHJvb3SAAQAIABEAGgAjAC0AMgA3AEAARgBNAFUAYABnAGoAbABuAHEAcwB1AHcAhACOAKEApgCuAn4CgAKFApACmQKnAqsCsgK7AsACzQLQAuIC5QLqAAAAAAAAAgEAAAAAAAAAKAAAAAAAAAAAAAAAAAAAAuw=}}

@article{domingues2009quadrotor,
	Author = {Domingues, Jorge Miguel Brito},
	Date-Added = {2013-08-16 01:30:05 +0000},
	Date-Modified = {2013-09-08 21:31:04 +0000},
	Journal = {Instituto Superior Tecnico},
	Keywords = {quadrotor, modeling, kalman, dynamics},
	Title = {Quadrotor prototype},
	Year = {2009},
	Bdsk-File-1 = {YnBsaXN0MDDUAQIDBAUGJCVYJHZlcnNpb25YJG9iamVjdHNZJGFyY2hpdmVyVCR0b3ASAAGGoKgHCBMUFRYaIVUkbnVsbNMJCgsMDxJXTlMua2V5c1pOUy5vYmplY3RzViRjbGFzc6INDoACgAOiEBGABIAFgAdccmVsYXRpdmVQYXRoWWFsaWFzRGF0YV8QEkRvbWluZ3Vlc18yMDA5LnBkZtIXCxgZV05TLmRhdGFPEQHUAAAAAAHUAAIAAAtNYWNCb29rIFBybwAAAAAAAAAAAAAAAAAAAADI2UBNSCsAAAlY4z8SRG9taW5ndWVzXzIwMDkucGRmAAAAAAAAAAAAAAAAAAAAAAAAAAAAAAAAAAAAAAAAAAAAAAAAAAAAAAAAAAAABIePAcuNaHEAAAAAAAAAAAABAAIAAAkgAAAAAAAAAAAAAAAAAAAABnBhcGVycwAQAAgAAMjZor0AAAARAAgAAMuNyuEAAAABABwJWOM/CVM5iglTOYECBE5VAf1QewH8Ez4AAJMlAAIAWE1hY0Jvb2sgUHJvOlVzZXJzOgBha2VlOgBTY2hvb2w6AFVDTEE6ADAxIHRoZXNpczoAdWNsYXRoZXNpczoAcGFwZXJzOgBEb21pbmd1ZXNfMjAwOS5wZGYADgAmABIARABvAG0AaQBuAGcAdQBlAHMAXwAyADAAMAA5AC4AcABkAGYADwAYAAsATQBhAGMAQgBvAG8AawAgAFAAcgBvABIARVVzZXJzL2FrZWUvU2Nob29sL1VDTEEvMDEgdGhlc2lzL3VjbGF0aGVzaXMvcGFwZXJzL0RvbWluZ3Vlc18yMDA5LnBkZgAAEwABLwAAFQACAAv//wAAgAbSGxwdHlokY2xhc3NuYW1lWCRjbGFzc2VzXU5TTXV0YWJsZURhdGGjHR8gVk5TRGF0YVhOU09iamVjdNIbHCIjXE5TRGljdGlvbmFyeaIiIF8QD05TS2V5ZWRBcmNoaXZlctEmJ1Ryb290gAEACAARABoAIwAtADIANwBAAEYATQBVAGAAZwBqAGwAbgBxAHMAdQB3AIQAjgCjAKgAsAKIAooCjwKaAqMCsQK1ArwCxQLKAtcC2gLsAu8C9AAAAAAAAAIBAAAAAAAAACgAAAAAAAAAAAAAAAAAAAL2}}

@inproceedings{rawashdeh2009microraptor,
	Author = {Rawashdeh, Osamah A and Yang, Hong Chul and AbouSleiman, Rami D and Sababha, Belal H},
	Booktitle = {Proceedings of the ASME 2009 International Design Engineering Technical Conferences \& Computers and Information in Engineering Conference, California, USA},
	Date-Added = {2013-08-16 01:29:43 +0000},
	Date-Modified = {2013-09-20 03:03:00 +0000},
	Keywords = {quadrotor},
	Title = {Microraptor: A low-cost autonomous quadrotor system},
	Year = {2009},
	Bdsk-File-1 = {YnBsaXN0MDDUAQIDBAUGJCVYJHZlcnNpb25YJG9iamVjdHNZJGFyY2hpdmVyVCR0b3ASAAGGoKgHCBMUFRYaIVUkbnVsbNMJCgsMDxJXTlMua2V5c1pOUy5vYmplY3RzViRjbGFzc6INDoACgAOiEBGABIAFgAdccmVsYXRpdmVQYXRoWWFsaWFzRGF0YV8QElJhd2FzaGRlaF8yMDA5LnBkZtIXCxgZV05TLmRhdGFPEQHUAAAAAAHUAAIAAAtNYWNCb29rIFBybwAAAAAAAAAAAAAAAAAAAADI2UBNSCsAAAlY4z8SUmF3YXNoZGVoXzIwMDkucGRmAAAAAAAAAAAAAAAAAAAAAAAAAAAAAAAAAAAAAAAAAAAAAAAAAAAAAAAAAAAACVjCHM4wHQkAAAAAAAAAAAABAAIAAAkgAAAAAAAAAAAAAAAAAAAABnBhcGVycwAQAAgAAMjZor0AAAARAAgAAM4wf3kAAAABABwJWOM/CVM5iglTOYECBE5VAf1QewH8Ez4AAJMlAAIAWE1hY0Jvb2sgUHJvOlVzZXJzOgBha2VlOgBTY2hvb2w6AFVDTEE6ADAxIHRoZXNpczoAdWNsYXRoZXNpczoAcGFwZXJzOgBSYXdhc2hkZWhfMjAwOS5wZGYADgAmABIAUgBhAHcAYQBzAGgAZABlAGgAXwAyADAAMAA5AC4AcABkAGYADwAYAAsATQBhAGMAQgBvAG8AawAgAFAAcgBvABIARVVzZXJzL2FrZWUvU2Nob29sL1VDTEEvMDEgdGhlc2lzL3VjbGF0aGVzaXMvcGFwZXJzL1Jhd2FzaGRlaF8yMDA5LnBkZgAAEwABLwAAFQACAAv//wAAgAbSGxwdHlokY2xhc3NuYW1lWCRjbGFzc2VzXU5TTXV0YWJsZURhdGGjHR8gVk5TRGF0YVhOU09iamVjdNIbHCIjXE5TRGljdGlvbmFyeaIiIF8QD05TS2V5ZWRBcmNoaXZlctEmJ1Ryb290gAEACAARABoAIwAtADIANwBAAEYATQBVAGAAZwBqAGwAbgBxAHMAdQB3AIQAjgCjAKgAsAKIAooCjwKaAqMCsQK1ArwCxQLKAtcC2gLsAu8C9AAAAAAAAAIBAAAAAAAAACgAAAAAAAAAAAAAAAAAAAL2}}

@article{crespo2012design,
	Author = {Crespo, Luis G and Matsutani, Megumi and Annaswamy, Anuradha M},
	Date-Added = {2013-08-16 01:29:01 +0000},
	Date-Modified = {2013-08-16 16:35:03 +0000},
	Journal = {Journal of Guidance, Control, and Dynamics},
	Keywords = {control, graphics},
	Number = {2},
	Pages = {406--422},
	Title = {Design of an adaptive controller for a remotely operated air vehicle},
	Volume = {35},
	Year = {2012},
	Bdsk-File-1 = {YnBsaXN0MDDUAQIDBAUGJCVYJHZlcnNpb25YJG9iamVjdHNZJGFyY2hpdmVyVCR0b3ASAAGGoKgHCBMUFRYaIVUkbnVsbNMJCgsMDxJXTlMua2V5c1pOUy5vYmplY3RzViRjbGFzc6INDoACgAOiEBGABIAFgAdccmVsYXRpdmVQYXRoWWFsaWFzRGF0YV8QD0NyZXNwb18yMDEyLnBkZtIXCxgZV05TLmRhdGFPEQHIAAAAAAHIAAIAAAtNYWNCb29rIFBybwAAAAAAAAAAAAAAAAAAAADI2UBNSCsAAAlY4z8PQ3Jlc3BvXzIwMTIucGRmAAAAAAAAAAAAAAAAAAAAAAAAAAAAAAAAAAAAAAAAAAAAAAAAAAAAAAAAAAAAAAAABIeO5Mt+1G8AAAAAAAAAAAABAAIAAAkgAAAAAAAAAAAAAAAAAAAABnBhcGVycwAQAAgAAMjZor0AAAARAAgAAMt/RO8AAAABABwJWOM/CVM5iglTOYECBE5VAf1QewH8Ez4AAJMlAAIAVU1hY0Jvb2sgUHJvOlVzZXJzOgBha2VlOgBTY2hvb2w6AFVDTEE6ADAxIHRoZXNpczoAdWNsYXRoZXNpczoAcGFwZXJzOgBDcmVzcG9fMjAxMi5wZGYAAA4AIAAPAEMAcgBlAHMAcABvAF8AMgAwADEAMgAuAHAAZABmAA8AGAALAE0AYQBjAEIAbwBvAGsAIABQAHIAbwASAEJVc2Vycy9ha2VlL1NjaG9vbC9VQ0xBLzAxIHRoZXNpcy91Y2xhdGhlc2lzL3BhcGVycy9DcmVzcG9fMjAxMi5wZGYAEwABLwAAFQACAAv//wAAgAbSGxwdHlokY2xhc3NuYW1lWCRjbGFzc2VzXU5TTXV0YWJsZURhdGGjHR8gVk5TRGF0YVhOU09iamVjdNIbHCIjXE5TRGljdGlvbmFyeaIiIF8QD05TS2V5ZWRBcmNoaXZlctEmJ1Ryb290gAEACAARABoAIwAtADIANwBAAEYATQBVAGAAZwBqAGwAbgBxAHMAdQB3AIQAjgCgAKUArQJ5AnsCgAKLApQCogKmAq0CtgK7AsgCywLdAuAC5QAAAAAAAAIBAAAAAAAAACgAAAAAAAAAAAAAAAAAAALn}}

@book{bresciani2008modelling,
	Author = {Bresciani, Tommaso},
	Date-Added = {2013-08-16 01:26:17 +0000},
	Date-Modified = {2013-09-20 02:59:00 +0000},
	Keywords = {thesis, quadrotor},
	Publisher = {Department of Automatic Control, Lund University},
	Title = {Modelling, identification and control of a quadrotor helicopter},
	Year = {2008},
	Bdsk-File-1 = {YnBsaXN0MDDUAQIDBAUGJCVYJHZlcnNpb25YJG9iamVjdHNZJGFyY2hpdmVyVCR0b3ASAAGGoKgHCBMUFRYaIVUkbnVsbNMJCgsMDxJXTlMua2V5c1pOUy5vYmplY3RzViRjbGFzc6INDoACgAOiEBGABIAFgAdccmVsYXRpdmVQYXRoWWFsaWFzRGF0YV8QEkJyZXNjaWFuaV8yMDA4LnBkZtIXCxgZV05TLmRhdGFPEQHUAAAAAAHUAAIAAAtNYWNCb29rIFBybwAAAAAAAAAAAAAAAAAAAADI2UBNSCsAAAlY4z8SQnJlc2NpYW5pXzIwMDgucGRmAAAAAAAAAAAAAAAAAAAAAAAAAAAAAAAAAAAAAAAAAAAAAAAAAAAAAAAAAAAABIePE8tkK9kAAAAAAAAAAAABAAIAAAkgAAAAAAAAAAAAAAAAAAAABnBhcGVycwAQAAgAAMjZor0AAAARAAgAAMtknFkAAAABABwJWOM/CVM5iglTOYECBE5VAf1QewH8Ez4AAJMlAAIAWE1hY0Jvb2sgUHJvOlVzZXJzOgBha2VlOgBTY2hvb2w6AFVDTEE6ADAxIHRoZXNpczoAdWNsYXRoZXNpczoAcGFwZXJzOgBCcmVzY2lhbmlfMjAwOC5wZGYADgAmABIAQgByAGUAcwBjAGkAYQBuAGkAXwAyADAAMAA4AC4AcABkAGYADwAYAAsATQBhAGMAQgBvAG8AawAgAFAAcgBvABIARVVzZXJzL2FrZWUvU2Nob29sL1VDTEEvMDEgdGhlc2lzL3VjbGF0aGVzaXMvcGFwZXJzL0JyZXNjaWFuaV8yMDA4LnBkZgAAEwABLwAAFQACAAv//wAAgAbSGxwdHlokY2xhc3NuYW1lWCRjbGFzc2VzXU5TTXV0YWJsZURhdGGjHR8gVk5TRGF0YVhOU09iamVjdNIbHCIjXE5TRGljdGlvbmFyeaIiIF8QD05TS2V5ZWRBcmNoaXZlctEmJ1Ryb290gAEACAARABoAIwAtADIANwBAAEYATQBVAGAAZwBqAGwAbgBxAHMAdQB3AIQAjgCjAKgAsAKIAooCjwKaAqMCsQK1ArwCxQLKAtcC2gLsAu8C9AAAAAAAAAIBAAAAAAAAACgAAAAAAAAAAAAAAAAAAAL2}}

@book{bramwell2001bramwell,
	Author = {Bramwell, Anthony RS and Balmford, David and Done, George},
	Date-Added = {2013-08-16 01:25:40 +0000},
	Date-Modified = {2013-09-20 02:24:39 +0000},
	Keywords = {book, dynamics},
	Publisher = {Butterworth-Heinemann},
	Title = {Bramwell's helicopter dynamics},
	Year = {2001},
	Bdsk-File-1 = {YnBsaXN0MDDUAQIDBAUGJCVYJHZlcnNpb25YJG9iamVjdHNZJGFyY2hpdmVyVCR0b3ASAAGGoKgHCBMUFRYaIVUkbnVsbNMJCgsMDxJXTlMua2V5c1pOUy5vYmplY3RzViRjbGFzc6INDoACgAOiEBGABIAFgAdccmVsYXRpdmVQYXRoWWFsaWFzRGF0YV8QEUJyYW13ZWxsXzIwMDEucGRm0hcLGBlXTlMuZGF0YU8RAdAAAAAAAdAAAgAAC01hY0Jvb2sgUHJvAAAAAAAAAAAAAAAAAAAAAMjZQE1IKwAACVjjPxFCcmFtd2VsbF8yMDAxLnBkZgAAAAAAAAAAAAAAAAAAAAAAAAAAAAAAAAAAAAAAAAAAAAAAAAAAAAAAAAAAAAAEh48Py3aLAwAAAAAAAAAAAAEAAgAACSAAAAAAAAAAAAAAAAAAAAAGcGFwZXJzABAACAAAyNmivQAAABEACAAAy3b7gwAAAAEAHAlY4z8JUzmKCVM5gQIETlUB/VB7AfwTPgAAkyUAAgBXTWFjQm9vayBQcm86VXNlcnM6AGFrZWU6AFNjaG9vbDoAVUNMQToAMDEgdGhlc2lzOgB1Y2xhdGhlc2lzOgBwYXBlcnM6AEJyYW13ZWxsXzIwMDEucGRmAAAOACQAEQBCAHIAYQBtAHcAZQBsAGwAXwAyADAAMAAxAC4AcABkAGYADwAYAAsATQBhAGMAQgBvAG8AawAgAFAAcgBvABIARFVzZXJzL2FrZWUvU2Nob29sL1VDTEEvMDEgdGhlc2lzL3VjbGF0aGVzaXMvcGFwZXJzL0JyYW13ZWxsXzIwMDEucGRmABMAAS8AABUAAgAL//8AAIAG0hscHR5aJGNsYXNzbmFtZVgkY2xhc3Nlc11OU011dGFibGVEYXRhox0fIFZOU0RhdGFYTlNPYmplY3TSGxwiI1xOU0RpY3Rpb25hcnmiIiBfEA9OU0tleWVkQXJjaGl2ZXLRJidUcm9vdIABAAgAEQAaACMALQAyADcAQABGAE0AVQBgAGcAagBsAG4AcQBzAHUAdwCEAI4AogCnAK8CgwKFAooClQKeAqwCsAK3AsACxQLSAtUC5wLqAu8AAAAAAAACAQAAAAAAAAAoAAAAAAAAAAAAAAAAAAAC8Q==}}

@article{beard2008quadrotor,
	Author = {Beard, Randal W},
	Date-Added = {2013-08-16 01:23:00 +0000},
	Date-Modified = {2013-09-20 02:59:17 +0000},
	Journal = {Brigham Young University},
	Keywords = {quadrotor, dynamics},
	Title = {Quadrotor dynamics and control},
	Year = {2008},
	Bdsk-File-1 = {YnBsaXN0MDDUAQIDBAUGJCVYJHZlcnNpb25YJG9iamVjdHNZJGFyY2hpdmVyVCR0b3ASAAGGoKgHCBMUFRYaIVUkbnVsbNMJCgsMDxJXTlMua2V5c1pOUy5vYmplY3RzViRjbGFzc6INDoACgAOiEBGABIAFgAdccmVsYXRpdmVQYXRoWWFsaWFzRGF0YV5CZWFyZF8yMDA4LnBkZtIXCxgZV05TLmRhdGFPEQHEAAAAAAHEAAIAAAtNYWNCb29rIFBybwAAAAAAAAAAAAAAAAAAAADI2UBNSCsAAAlY4z8OQmVhcmRfMjAwOC5wZGYAAAAAAAAAAAAAAAAAAAAAAAAAAAAAAAAAAAAAAAAAAAAAAAAAAAAAAAAAAAAAAAAABIeO/stkK58AAAAAAAAAAAABAAIAAAkgAAAAAAAAAAAAAAAAAAAABnBhcGVycwAQAAgAAMjZor0AAAARAAgAAMtknB8AAAABABwJWOM/CVM5iglTOYECBE5VAf1QewH8Ez4AAJMlAAIAVE1hY0Jvb2sgUHJvOlVzZXJzOgBha2VlOgBTY2hvb2w6AFVDTEE6ADAxIHRoZXNpczoAdWNsYXRoZXNpczoAcGFwZXJzOgBCZWFyZF8yMDA4LnBkZgAOAB4ADgBCAGUAYQByAGQAXwAyADAAMAA4AC4AcABkAGYADwAYAAsATQBhAGMAQgBvAG8AawAgAFAAcgBvABIAQVVzZXJzL2FrZWUvU2Nob29sL1VDTEEvMDEgdGhlc2lzL3VjbGF0aGVzaXMvcGFwZXJzL0JlYXJkXzIwMDgucGRmAAATAAEvAAAVAAIAC///AACABtIbHB0eWiRjbGFzc25hbWVYJGNsYXNzZXNdTlNNdXRhYmxlRGF0YaMdHyBWTlNEYXRhWE5TT2JqZWN00hscIiNcTlNEaWN0aW9uYXJ5oiIgXxAPTlNLZXllZEFyY2hpdmVy0SYnVHJvb3SAAQAIABEAGgAjAC0AMgA3AEAARgBNAFUAYABnAGoAbABuAHEAcwB1AHcAhACOAJ0AogCqAnICdAJ5AoQCjQKbAp8CpgKvArQCwQLEAtYC2QLeAAAAAAAAAgEAAAAAAAAAKAAAAAAAAAAAAAAAAAAAAuA=}}

@article{balas2007modelling,
	Author = {Balas, C},
	Date-Added = {2013-08-16 01:22:32 +0000},
	Date-Modified = {2013-09-20 02:37:39 +0000},
	Keywords = {thesis, modeling, control, quadrotor},
	Publisher = {Cranfield University},
	Title = {Modelling and linear control of a quadrotor},
	Year = {2007},
	Bdsk-File-1 = {YnBsaXN0MDDUAQIDBAUGJCVYJHZlcnNpb25YJG9iamVjdHNZJGFyY2hpdmVyVCR0b3ASAAGGoKgHCBMUFRYaIVUkbnVsbNMJCgsMDxJXTlMua2V5c1pOUy5vYmplY3RzViRjbGFzc6INDoACgAOiEBGABIAFgAdccmVsYXRpdmVQYXRoWWFsaWFzRGF0YV5CYWxhc18yMDA3LnBkZtIXCxgZV05TLmRhdGFPEQHEAAAAAAHEAAIAAAtNYWNCb29rIFBybwAAAAAAAAAAAAAAAAAAAADI2UBNSCsAAAlY4z8OQmFsYXNfMjAwNy5wZGYAAAAAAAAAAAAAAAAAAAAAAAAAAAAAAAAAAAAAAAAAAAAAAAAAAAAAAAAAAAAAAAAABIePEsuNKo8AAAAAAAAAAAABAAIAAAkgAAAAAAAAAAAAAAAAAAAABnBhcGVycwAQAAgAAMjZor0AAAARAAgAAMuNjP8AAAABABwJWOM/CVM5iglTOYECBE5VAf1QewH8Ez4AAJMlAAIAVE1hY0Jvb2sgUHJvOlVzZXJzOgBha2VlOgBTY2hvb2w6AFVDTEE6ADAxIHRoZXNpczoAdWNsYXRoZXNpczoAcGFwZXJzOgBCYWxhc18yMDA3LnBkZgAOAB4ADgBCAGEAbABhAHMAXwAyADAAMAA3AC4AcABkAGYADwAYAAsATQBhAGMAQgBvAG8AawAgAFAAcgBvABIAQVVzZXJzL2FrZWUvU2Nob29sL1VDTEEvMDEgdGhlc2lzL3VjbGF0aGVzaXMvcGFwZXJzL0JhbGFzXzIwMDcucGRmAAATAAEvAAAVAAIAC///AACABtIbHB0eWiRjbGFzc25hbWVYJGNsYXNzZXNdTlNNdXRhYmxlRGF0YaMdHyBWTlNEYXRhWE5TT2JqZWN00hscIiNcTlNEaWN0aW9uYXJ5oiIgXxAPTlNLZXllZEFyY2hpdmVy0SYnVHJvb3SAAQAIABEAGgAjAC0AMgA3AEAARgBNAFUAYABnAGoAbABuAHEAcwB1AHcAhACOAJ0AogCqAnICdAJ5AoQCjQKbAp8CpgKvArQCwQLEAtYC2QLeAAAAAAAAAgEAAAAAAAAAKAAAAAAAAAAAAAAAAAAAAuA=}}

@inproceedings{schreier2012modeling,
	Author = {Schreier, Matthias},
	Booktitle = {Mechatronics and Automation (ICMA), 2012 International Conference on},
	Date-Added = {2013-08-16 01:20:49 +0000},
	Date-Modified = {2013-08-16 16:35:58 +0000},
	Keywords = {quadrotor, control},
	Organization = {IEEE},
	Pages = {383--390},
	Title = {Modeling and adaptive control of a quadrotor},
	Year = {2012},
	Bdsk-File-1 = {YnBsaXN0MDDUAQIDBAUGJCVYJHZlcnNpb25YJG9iamVjdHNZJGFyY2hpdmVyVCR0b3ASAAGGoKgHCBMUFRYaIVUkbnVsbNMJCgsMDxJXTlMua2V5c1pOUy5vYmplY3RzViRjbGFzc6INDoACgAOiEBGABIAFgAdccmVsYXRpdmVQYXRoWWFsaWFzRGF0YV8QEVNjaHJlaWVyXzIwMTIucGRm0hcLGBlXTlMuZGF0YU8RAdAAAAAAAdAAAgAAC01hY0Jvb2sgUHJvAAAAAAAAAAAAAAAAAAAAAMjZQE1IKwAACVjjPxFTY2hyZWllcl8yMDEyLnBkZgAAAAAAAAAAAAAAAAAAAAAAAAAAAAAAAAAAAAAAAAAAAAAAAAAAAAAAAAAAAAAJWMIdzjAdCQAAAAAAAAAAAAEAAgAACSAAAAAAAAAAAAAAAAAAAAAGcGFwZXJzABAACAAAyNmivQAAABEACAAAzjB/eQAAAAEAHAlY4z8JUzmKCVM5gQIETlUB/VB7AfwTPgAAkyUAAgBXTWFjQm9vayBQcm86VXNlcnM6AGFrZWU6AFNjaG9vbDoAVUNMQToAMDEgdGhlc2lzOgB1Y2xhdGhlc2lzOgBwYXBlcnM6AFNjaHJlaWVyXzIwMTIucGRmAAAOACQAEQBTAGMAaAByAGUAaQBlAHIAXwAyADAAMQAyAC4AcABkAGYADwAYAAsATQBhAGMAQgBvAG8AawAgAFAAcgBvABIARFVzZXJzL2FrZWUvU2Nob29sL1VDTEEvMDEgdGhlc2lzL3VjbGF0aGVzaXMvcGFwZXJzL1NjaHJlaWVyXzIwMTIucGRmABMAAS8AABUAAgAL//8AAIAG0hscHR5aJGNsYXNzbmFtZVgkY2xhc3Nlc11OU011dGFibGVEYXRhox0fIFZOU0RhdGFYTlNPYmplY3TSGxwiI1xOU0RpY3Rpb25hcnmiIiBfEA9OU0tleWVkQXJjaGl2ZXLRJidUcm9vdIABAAgAEQAaACMALQAyADcAQABGAE0AVQBgAGcAagBsAG4AcQBzAHUAdwCEAI4AogCnAK8CgwKFAooClQKeAqwCsAK3AsACxQLSAtUC5wLqAu8AAAAAAAACAQAAAAAAAAAoAAAAAAAAAAAAAAAAAAAC8Q==}}

@inproceedings{nong2011system,
	Author = {Nong, Yulin and Qi, Zaikang and Lin, Defu},
	Booktitle = {Intelligent Control and Automation (WCICA), 2011 9th World Congress on},
	Date-Added = {2013-08-16 01:20:22 +0000},
	Date-Modified = {2013-09-20 02:12:40 +0000},
	Keywords = {identification, ARX, PEM},
	Organization = {IEEE},
	Pages = {711--718},
	Title = {System identification of a small unmanned aerial vehicle based on time and frequency domain technologies},
	Year = {2011},
	Bdsk-File-1 = {YnBsaXN0MDDUAQIDBAUGJCVYJHZlcnNpb25YJG9iamVjdHNZJGFyY2hpdmVyVCR0b3ASAAGGoKgHCBMUFRYaIVUkbnVsbNMJCgsMDxJXTlMua2V5c1pOUy5vYmplY3RzViRjbGFzc6INDoACgAOiEBGABIAFgAdccmVsYXRpdmVQYXRoWWFsaWFzRGF0YV1Ob25nXzIwMTEucGRm0hcLGBlXTlMuZGF0YU8RAcAAAAAAAcAAAgAAC01hY0Jvb2sgUHJvAAAAAAAAAAAAAAAAAAAAAMjZQE1IKwAACVjjPw1Ob25nXzIwMTEucGRmAAAAAAAAAAAAAAAAAAAAAAAAAAAAAAAAAAAAAAAAAAAAAAAAAAAAAAAAAAAAAAAAAAAJWMJQzjAdKQAAAAAAAAAAAAEAAgAACSAAAAAAAAAAAAAAAAAAAAAGcGFwZXJzABAACAAAyNmivQAAABEACAAAzjB/mQAAAAEAHAlY4z8JUzmKCVM5gQIETlUB/VB7AfwTPgAAkyUAAgBTTWFjQm9vayBQcm86VXNlcnM6AGFrZWU6AFNjaG9vbDoAVUNMQToAMDEgdGhlc2lzOgB1Y2xhdGhlc2lzOgBwYXBlcnM6AE5vbmdfMjAxMS5wZGYAAA4AHAANAE4AbwBuAGcAXwAyADAAMQAxAC4AcABkAGYADwAYAAsATQBhAGMAQgBvAG8AawAgAFAAcgBvABIAQFVzZXJzL2FrZWUvU2Nob29sL1VDTEEvMDEgdGhlc2lzL3VjbGF0aGVzaXMvcGFwZXJzL05vbmdfMjAxMS5wZGYAEwABLwAAFQACAAv//wAAgAbSGxwdHlokY2xhc3NuYW1lWCRjbGFzc2VzXU5TTXV0YWJsZURhdGGjHR8gVk5TRGF0YVhOU09iamVjdNIbHCIjXE5TRGljdGlvbmFyeaIiIF8QD05TS2V5ZWRBcmNoaXZlctEmJ1Ryb290gAEACAARABoAIwAtADIANwBAAEYATQBVAGAAZwBqAGwAbgBxAHMAdQB3AIQAjgCcAKEAqQJtAm8CdAJ/AogClgKaAqECqgKvArwCvwLRAtQC2QAAAAAAAAIBAAAAAAAAACgAAAAAAAAAAAAAAAAAAALb}}

@inproceedings{khalil2010system,
	Author = {Khalil, Baha and Yesildirek, Aydin},
	Booktitle = {Mechatronics and its Applications (ISMA), 2010 7th International Symposium on},
	Date-Added = {2013-08-16 01:19:57 +0000},
	Date-Modified = {2013-09-20 02:12:49 +0000},
	Keywords = {identification, ARX, Hammerstein-Wiener, PEM},
	Organization = {IEEE},
	Pages = {1--5},
	Title = {System identification of UAV under an autopilot trajectory using ARX and Hammerstein-Wiener methods},
	Year = {2010},
	Bdsk-File-1 = {YnBsaXN0MDDUAQIDBAUGJCVYJHZlcnNpb25YJG9iamVjdHNZJGFyY2hpdmVyVCR0b3ASAAGGoKgHCBMUFRYaIVUkbnVsbNMJCgsMDxJXTlMua2V5c1pOUy5vYmplY3RzViRjbGFzc6INDoACgAOiEBGABIAFgAdccmVsYXRpdmVQYXRoWWFsaWFzRGF0YV8QD0toYWxpbF8yMDEwLnBkZtIXCxgZV05TLmRhdGFPEQHIAAAAAAHIAAIAAAtNYWNCb29rIFBybwAAAAAAAAAAAAAAAAAAAADI2UBNSCsAAAlY4z8PS2hhbGlsXzIwMTAucGRmAAAAAAAAAAAAAAAAAAAAAAAAAAAAAAAAAAAAAAAAAAAAAAAAAAAAAAAAAAAAAAAACVjCUs4wHSkAAAAAAAAAAAABAAIAAAkgAAAAAAAAAAAAAAAAAAAABnBhcGVycwAQAAgAAMjZor0AAAARAAgAAM4wf5kAAAABABwJWOM/CVM5iglTOYECBE5VAf1QewH8Ez4AAJMlAAIAVU1hY0Jvb2sgUHJvOlVzZXJzOgBha2VlOgBTY2hvb2w6AFVDTEE6ADAxIHRoZXNpczoAdWNsYXRoZXNpczoAcGFwZXJzOgBLaGFsaWxfMjAxMC5wZGYAAA4AIAAPAEsAaABhAGwAaQBsAF8AMgAwADEAMAAuAHAAZABmAA8AGAALAE0AYQBjAEIAbwBvAGsAIABQAHIAbwASAEJVc2Vycy9ha2VlL1NjaG9vbC9VQ0xBLzAxIHRoZXNpcy91Y2xhdGhlc2lzL3BhcGVycy9LaGFsaWxfMjAxMC5wZGYAEwABLwAAFQACAAv//wAAgAbSGxwdHlokY2xhc3NuYW1lWCRjbGFzc2VzXU5TTXV0YWJsZURhdGGjHR8gVk5TRGF0YVhOU09iamVjdNIbHCIjXE5TRGljdGlvbmFyeaIiIF8QD05TS2V5ZWRBcmNoaXZlctEmJ1Ryb290gAEACAARABoAIwAtADIANwBAAEYATQBVAGAAZwBqAGwAbgBxAHMAdQB3AIQAjgCgAKUArQJ5AnsCgAKLApQCogKmAq0CtgK7AsgCywLdAuAC5QAAAAAAAAIBAAAAAAAAACgAAAAAAAAAAAAAAAAAAALn}}

@inproceedings{al2009arf60,
	Author = {Al-Radaideh, Amer and Al-Jarrah, MA and Jhemi, Ali and Dhaouadi, R},
	Booktitle = {Mechatronics and its Applications, 2009. ISMA'09. 6th International Symposium on},
	Date-Added = {2013-08-16 01:19:13 +0000},
	Date-Modified = {2013-09-20 03:00:03 +0000},
	Keywords = {quadrotor, identification, PEM},
	Organization = {IEEE},
	Pages = {1--11},
	Title = {ARF60 AUS-UAV modeling, system identification, guidance and control: Validation through hardware in the loop simulation},
	Year = {2009},
	Bdsk-File-1 = {YnBsaXN0MDDUAQIDBAUGJCVYJHZlcnNpb25YJG9iamVjdHNZJGFyY2hpdmVyVCR0b3ASAAGGoKgHCBMUFRYaIVUkbnVsbNMJCgsMDxJXTlMua2V5c1pOUy5vYmplY3RzViRjbGFzc6INDoACgAOiEBGABIAFgAdccmVsYXRpdmVQYXRoWWFsaWFzRGF0YV8QFEFsLVJhZGFpZGVoXzIwMDkucGRm0hcLGBlXTlMuZGF0YU8RAdwAAAAAAdwAAgAAC01hY0Jvb2sgUHJvAAAAAAAAAAAAAAAAAAAAAMjZQE1IKwAACVjjPxRBbC1SYWRhaWRlaF8yMDA5LnBkZgAAAAAAAAAAAAAAAAAAAAAAAAAAAAAAAAAAAAAAAAAAAAAAAAAAAAAAAAAJWMG5zjAchQAAAAAAAAAAAAEAAgAACSAAAAAAAAAAAAAAAAAAAAAGcGFwZXJzABAACAAAyNmivQAAABEACAAAzjB+9QAAAAEAHAlY4z8JUzmKCVM5gQIETlUB/VB7AfwTPgAAkyUAAgBaTWFjQm9vayBQcm86VXNlcnM6AGFrZWU6AFNjaG9vbDoAVUNMQToAMDEgdGhlc2lzOgB1Y2xhdGhlc2lzOgBwYXBlcnM6AEFsLVJhZGFpZGVoXzIwMDkucGRmAA4AKgAUAEEAbAAtAFIAYQBkAGEAaQBkAGUAaABfADIAMAAwADkALgBwAGQAZgAPABgACwBNAGEAYwBCAG8AbwBrACAAUAByAG8AEgBHVXNlcnMvYWtlZS9TY2hvb2wvVUNMQS8wMSB0aGVzaXMvdWNsYXRoZXNpcy9wYXBlcnMvQWwtUmFkYWlkZWhfMjAwOS5wZGYAABMAAS8AABUAAgAL//8AAIAG0hscHR5aJGNsYXNzbmFtZVgkY2xhc3Nlc11OU011dGFibGVEYXRhox0fIFZOU0RhdGFYTlNPYmplY3TSGxwiI1xOU0RpY3Rpb25hcnmiIiBfEA9OU0tleWVkQXJjaGl2ZXLRJidUcm9vdIABAAgAEQAaACMALQAyADcAQABGAE0AVQBgAGcAagBsAG4AcQBzAHUAdwCEAI4ApQCqALICkgKUApkCpAKtArsCvwLGAs8C1ALhAuQC9gL5Av4AAAAAAAACAQAAAAAAAAAoAAAAAAAAAAAAAAAAAAADAA==}}

@incollection{abid2014system,
	Author = {Abid, F and Chevallier, G and Blanchard, JL and Dion, JL and Dauchez, N},
	Booktitle = {Topics in Modal Analysis, Volume 7},
	Date-Added = {2013-08-16 01:13:39 +0000},
	Date-Modified = {2013-08-16 16:36:05 +0000},
	Keywords = {identification, kalman},
	Pages = {561--573},
	Publisher = {Springer},
	Title = {System Identification Using Kalman Filters},
	Year = {2014},
	Bdsk-File-1 = {YnBsaXN0MDDUAQIDBAUGJCVYJHZlcnNpb25YJG9iamVjdHNZJGFyY2hpdmVyVCR0b3ASAAGGoKgHCBMUFRYaIVUkbnVsbNMJCgsMDxJXTlMua2V5c1pOUy5vYmplY3RzViRjbGFzc6INDoACgAOiEBGABIAFgAdccmVsYXRpdmVQYXRoWWFsaWFzRGF0YV1BYmlkXzIwMTQucGRm0hcLGBlXTlMuZGF0YU8RAcAAAAAAAcAAAgAAC01hY0Jvb2sgUHJvAAAAAAAAAAAAAAAAAAAAAMjZQE1IKwAACVjjPw1BYmlkXzIwMTQucGRmAAAAAAAAAAAAAAAAAAAAAAAAAAAAAAAAAAAAAAAAAAAAAAAAAAAAAAAAAAAAAAAAAAAJWMGOzjAcXQAAAAAAAAAAAAEAAgAACSAAAAAAAAAAAAAAAAAAAAAGcGFwZXJzABAACAAAyNmivQAAABEACAAAzjB+zQAAAAEAHAlY4z8JUzmKCVM5gQIETlUB/VB7AfwTPgAAkyUAAgBTTWFjQm9vayBQcm86VXNlcnM6AGFrZWU6AFNjaG9vbDoAVUNMQToAMDEgdGhlc2lzOgB1Y2xhdGhlc2lzOgBwYXBlcnM6AEFiaWRfMjAxNC5wZGYAAA4AHAANAEEAYgBpAGQAXwAyADAAMQA0AC4AcABkAGYADwAYAAsATQBhAGMAQgBvAG8AawAgAFAAcgBvABIAQFVzZXJzL2FrZWUvU2Nob29sL1VDTEEvMDEgdGhlc2lzL3VjbGF0aGVzaXMvcGFwZXJzL0FiaWRfMjAxNC5wZGYAEwABLwAAFQACAAv//wAAgAbSGxwdHlokY2xhc3NuYW1lWCRjbGFzc2VzXU5TTXV0YWJsZURhdGGjHR8gVk5TRGF0YVhOU09iamVjdNIbHCIjXE5TRGljdGlvbmFyeaIiIF8QD05TS2V5ZWRBcmNoaXZlctEmJ1Ryb290gAEACAARABoAIwAtADIANwBAAEYATQBVAGAAZwBqAGwAbgBxAHMAdQB3AIQAjgCcAKEAqQJtAm8CdAJ/AogClgKaAqECqgKvArwCvwLRAtQC2QAAAAAAAAIBAAAAAAAAACgAAAAAAAAAAAAAAAAAAALb}}

@phdthesis{trnka2007subspace,
	Author = {Trnka, Pavel},
	Date-Added = {2013-08-14 01:39:40 +0000},
	Date-Modified = {2013-09-20 02:43:52 +0000},
	Keywords = {subspace, identification, N4SID, closed-loop, Whitening-Filter},
	Rating = {5},
	School = {Ph. D. dissertation, Czech Technical University in Prague},
	Title = {Subspace identification methods},
	Year = {2007},
	Bdsk-File-1 = {YnBsaXN0MDDUAQIDBAUGJCVYJHZlcnNpb25YJG9iamVjdHNZJGFyY2hpdmVyVCR0b3ASAAGGoKgHCBMUFRYaIVUkbnVsbNMJCgsMDxJXTlMua2V5c1pOUy5vYmplY3RzViRjbGFzc6INDoACgAOiEBGABIAFgAdccmVsYXRpdmVQYXRoWWFsaWFzRGF0YV5Ucm5rYV8yMDA3LnBkZtIXCxgZV05TLmRhdGFPEQHEAAAAAAHEAAIAAAtNYWNCb29rIFBybwAAAAAAAAAAAAAAAAAAAADI2UBNSCsAAAlY4z8OVHJua2FfMjAwNy5wZGYAAAAAAAAAAAAAAAAAAAAAAAAAAAAAAAAAAAAAAAAAAAAAAAAAAAAAAAAAAAAAAAAACVjCJc4wHQkAAAAAAAAAAAABAAIAAAkgAAAAAAAAAAAAAAAAAAAABnBhcGVycwAQAAgAAMjZor0AAAARAAgAAM4wf3kAAAABABwJWOM/CVM5iglTOYECBE5VAf1QewH8Ez4AAJMlAAIAVE1hY0Jvb2sgUHJvOlVzZXJzOgBha2VlOgBTY2hvb2w6AFVDTEE6ADAxIHRoZXNpczoAdWNsYXRoZXNpczoAcGFwZXJzOgBUcm5rYV8yMDA3LnBkZgAOAB4ADgBUAHIAbgBrAGEAXwAyADAAMAA3AC4AcABkAGYADwAYAAsATQBhAGMAQgBvAG8AawAgAFAAcgBvABIAQVVzZXJzL2FrZWUvU2Nob29sL1VDTEEvMDEgdGhlc2lzL3VjbGF0aGVzaXMvcGFwZXJzL1RybmthXzIwMDcucGRmAAATAAEvAAAVAAIAC///AACABtIbHB0eWiRjbGFzc25hbWVYJGNsYXNzZXNdTlNNdXRhYmxlRGF0YaMdHyBWTlNEYXRhWE5TT2JqZWN00hscIiNcTlNEaWN0aW9uYXJ5oiIgXxAPTlNLZXllZEFyY2hpdmVy0SYnVHJvb3SAAQAIABEAGgAjAC0AMgA3AEAARgBNAFUAYABnAGoAbABuAHEAcwB1AHcAhACOAJ0AogCqAnICdAJ5AoQCjQKbAp8CpgKvArQCwQLEAtYC2QLeAAAAAAAAAgEAAAAAAAAAKAAAAAAAAAAAAAAAAAAAAuA=}}

@inproceedings{sasiadek2000sensor,
	Author = {Sasiadek, JZ and Hartana, P},
	Booktitle = {Information Fusion, 2000. FUSION 2000. Proceedings of the Third International Conference on},
	Date-Added = {2013-08-14 01:38:46 +0000},
	Date-Modified = {2013-09-20 02:22:46 +0000},
	Keywords = {kalman},
	Organization = {IEEE},
	Pages = {WED5--19},
	Title = {Sensor data fusion using Kalman filter},
	Volume = {2},
	Year = {2000},
	Bdsk-File-1 = {YnBsaXN0MDDUAQIDBAUGJCVYJHZlcnNpb25YJG9iamVjdHNZJGFyY2hpdmVyVCR0b3ASAAGGoKgHCBMUFRYaIVUkbnVsbNMJCgsMDxJXTlMua2V5c1pOUy5vYmplY3RzViRjbGFzc6INDoACgAOiEBGABIAFgAdccmVsYXRpdmVQYXRoWWFsaWFzRGF0YV8QEVNhc2lhZGVrXzIwMDAucGRm0hcLGBlXTlMuZGF0YU8RAdAAAAAAAdAAAgAAC01hY0Jvb2sgUHJvAAAAAAAAAAAAAAAAAAAAAMjZQE1IKwAACVjjPxFTYXNpYWRla18yMDAwLnBkZgAAAAAAAAAAAAAAAAAAAAAAAAAAAAAAAAAAAAAAAAAAAAAAAAAAAAAAAAAAAAAJWMIizjAdCQAAAAAAAAAAAAEAAgAACSAAAAAAAAAAAAAAAAAAAAAGcGFwZXJzABAACAAAyNmivQAAABEACAAAzjB/eQAAAAEAHAlY4z8JUzmKCVM5gQIETlUB/VB7AfwTPgAAkyUAAgBXTWFjQm9vayBQcm86VXNlcnM6AGFrZWU6AFNjaG9vbDoAVUNMQToAMDEgdGhlc2lzOgB1Y2xhdGhlc2lzOgBwYXBlcnM6AFNhc2lhZGVrXzIwMDAucGRmAAAOACQAEQBTAGEAcwBpAGEAZABlAGsAXwAyADAAMAAwAC4AcABkAGYADwAYAAsATQBhAGMAQgBvAG8AawAgAFAAcgBvABIARFVzZXJzL2FrZWUvU2Nob29sL1VDTEEvMDEgdGhlc2lzL3VjbGF0aGVzaXMvcGFwZXJzL1Nhc2lhZGVrXzIwMDAucGRmABMAAS8AABUAAgAL//8AAIAG0hscHR5aJGNsYXNzbmFtZVgkY2xhc3Nlc11OU011dGFibGVEYXRhox0fIFZOU0RhdGFYTlNPYmplY3TSGxwiI1xOU0RpY3Rpb25hcnmiIiBfEA9OU0tleWVkQXJjaGl2ZXLRJidUcm9vdIABAAgAEQAaACMALQAyADcAQABGAE0AVQBgAGcAagBsAG4AcQBzAHUAdwCEAI4AogCnAK8CgwKFAooClQKeAqwCsAK3AsACxQLSAtUC5wLqAu8AAAAAAAACAQAAAAAAAAAoAAAAAAAAAAAAAAAAAAAC8Q==}}

@inproceedings{cai2012study,
	Author = {Cai, Chuntao and Li, Fugui and Xia, Qunli},
	Booktitle = {Automatic Control and Artificial Intelligence (ACAI 2012), International Conference on},
	Date-Added = {2013-08-14 01:30:37 +0000},
	Date-Modified = {2013-08-16 16:37:25 +0000},
	Keywords = {identification},
	Organization = {IET},
	Pages = {1996--2000},
	Title = {Study on UAV flight based identification technology},
	Year = {2012},
	Bdsk-File-1 = {YnBsaXN0MDDUAQIDBAUGJCVYJHZlcnNpb25YJG9iamVjdHNZJGFyY2hpdmVyVCR0b3ASAAGGoKgHCBMUFRYaIVUkbnVsbNMJCgsMDxJXTlMua2V5c1pOUy5vYmplY3RzViRjbGFzc6INDoACgAOiEBGABIAFgAdccmVsYXRpdmVQYXRoWWFsaWFzRGF0YVxDYWlfMjAxMi5wZGbSFwsYGVdOUy5kYXRhTxEBvAAAAAABvAACAAALTWFjQm9vayBQcm8AAAAAAAAAAAAAAAAAAAAAyNlATUgrAAAJWOM/DENhaV8yMDEyLnBkZgAAAAAAAAAAAAAAAAAAAAAAAAAAAAAAAAAAAAAAAAAAAAAAAAAAAAAAAAAAAAAAAAAAAAlYwiTOMB0JAAAAAAAAAAAAAQACAAAJIAAAAAAAAAAAAAAAAAAAAAZwYXBlcnMAEAAIAADI2aK9AAAAEQAIAADOMH95AAAAAQAcCVjjPwlTOYoJUzmBAgROVQH9UHsB/BM+AACTJQACAFJNYWNCb29rIFBybzpVc2VyczoAYWtlZToAU2Nob29sOgBVQ0xBOgAwMSB0aGVzaXM6AHVjbGF0aGVzaXM6AHBhcGVyczoAQ2FpXzIwMTIucGRmAA4AGgAMAEMAYQBpAF8AMgAwADEAMgAuAHAAZABmAA8AGAALAE0AYQBjAEIAbwBvAGsAIABQAHIAbwASAD9Vc2Vycy9ha2VlL1NjaG9vbC9VQ0xBLzAxIHRoZXNpcy91Y2xhdGhlc2lzL3BhcGVycy9DYWlfMjAxMi5wZGYAABMAAS8AABUAAgAL//8AAIAG0hscHR5aJGNsYXNzbmFtZVgkY2xhc3Nlc11OU011dGFibGVEYXRhox0fIFZOU0RhdGFYTlNPYmplY3TSGxwiI1xOU0RpY3Rpb25hcnmiIiBfEA9OU0tleWVkQXJjaGl2ZXLRJidUcm9vdIABAAgAEQAaACMALQAyADcAQABGAE0AVQBgAGcAagBsAG4AcQBzAHUAdwCEAI4AmwCgAKgCaAJqAm8CegKDApEClQKcAqUCqgK3AroCzALPAtQAAAAAAAACAQAAAAAAAAAoAAAAAAAAAAAAAAAAAAAC1g==}}

@inproceedings{abas2011parameter,
	Author = {Abas, Norafizah and Legowo, Ari and Akmeliawati, Rini},
	Booktitle = {Mechatronics (ICOM), 2011 4th International Conference On},
	Date-Added = {2013-08-14 01:29:19 +0000},
	Date-Modified = {2013-08-16 17:27:37 +0000},
	Keywords = {quadrotor, kalman, identification},
	Organization = {IEEE},
	Pages = {1--8},
	Title = {Parameter identification of an autonomous quadrotor},
	Year = {2011},
	Bdsk-File-1 = {YnBsaXN0MDDUAQIDBAUGJCVYJHZlcnNpb25YJG9iamVjdHNZJGFyY2hpdmVyVCR0b3ASAAGGoKgHCBMUFRYaIVUkbnVsbNMJCgsMDxJXTlMua2V5c1pOUy5vYmplY3RzViRjbGFzc6INDoACgAOiEBGABIAFgAdccmVsYXRpdmVQYXRoWWFsaWFzRGF0YV1BYmFzXzIwMTEucGRm0hcLGBlXTlMuZGF0YU8RAcAAAAAAAcAAAgAAC01hY0Jvb2sgUHJvAAAAAAAAAAAAAAAAAAAAAMjZQE1IKwAACVjjPw1BYmFzXzIwMTEucGRmAAAAAAAAAAAAAAAAAAAAAAAAAAAAAAAAAAAAAAAAAAAAAAAAAAAAAAAAAAAAAAAAAAAJWMIfzjAdCQAAAAAAAAAAAAEAAgAACSAAAAAAAAAAAAAAAAAAAAAGcGFwZXJzABAACAAAyNmivQAAABEACAAAzjB/eQAAAAEAHAlY4z8JUzmKCVM5gQIETlUB/VB7AfwTPgAAkyUAAgBTTWFjQm9vayBQcm86VXNlcnM6AGFrZWU6AFNjaG9vbDoAVUNMQToAMDEgdGhlc2lzOgB1Y2xhdGhlc2lzOgBwYXBlcnM6AEFiYXNfMjAxMS5wZGYAAA4AHAANAEEAYgBhAHMAXwAyADAAMQAxAC4AcABkAGYADwAYAAsATQBhAGMAQgBvAG8AawAgAFAAcgBvABIAQFVzZXJzL2FrZWUvU2Nob29sL1VDTEEvMDEgdGhlc2lzL3VjbGF0aGVzaXMvcGFwZXJzL0FiYXNfMjAxMS5wZGYAEwABLwAAFQACAAv//wAAgAbSGxwdHlokY2xhc3NuYW1lWCRjbGFzc2VzXU5TTXV0YWJsZURhdGGjHR8gVk5TRGF0YVhOU09iamVjdNIbHCIjXE5TRGljdGlvbmFyeaIiIF8QD05TS2V5ZWRBcmNoaXZlctEmJ1Ryb290gAEACAARABoAIwAtADIANwBAAEYATQBVAGAAZwBqAGwAbgBxAHMAdQB3AIQAjgCcAKEAqQJtAm8CdAJ/AogClgKaAqECqgKvArwCvwLRAtQC2QAAAAAAAAIBAAAAAAAAACgAAAAAAAAAAAAAAAAAAALb}}

@inproceedings{meng2010aerodynamic,
	Author = {Meng, Li and Li, Liu and Veres, SM},
	Booktitle = {Advanced Computer Control (ICACC), 2010 2nd International Conference on},
	Date-Added = {2013-08-14 01:28:20 +0000},
	Date-Modified = {2013-09-20 02:13:14 +0000},
	Keywords = {kalman, EKF, PEM},
	Organization = {IEEE},
	Pages = {526--531},
	Title = {Aerodynamic parameter estimation of an unmanned aerial vehicle based on extended kalman filter and its higher order approach},
	Volume = {5},
	Year = {2010},
	Bdsk-File-1 = {YnBsaXN0MDDUAQIDBAUGJCVYJHZlcnNpb25YJG9iamVjdHNZJGFyY2hpdmVyVCR0b3ASAAGGoKgHCBMUFRYaIVUkbnVsbNMJCgsMDxJXTlMua2V5c1pOUy5vYmplY3RzViRjbGFzc6INDoACgAOiEBGABIAFgAdccmVsYXRpdmVQYXRoWWFsaWFzRGF0YV1NZW5nXzIwMTAucGRm0hcLGBlXTlMuZGF0YU8RAcAAAAAAAcAAAgAAC01hY0Jvb2sgUHJvAAAAAAAAAAAAAAAAAAAAAMjZQE1IKwAACVjjPw1NZW5nXzIwMTAucGRmAAAAAAAAAAAAAAAAAAAAAAAAAAAAAAAAAAAAAAAAAAAAAAAAAAAAAAAAAAAAAAAAAAAJWMGnzjAceQAAAAAAAAAAAAEAAgAACSAAAAAAAAAAAAAAAAAAAAAGcGFwZXJzABAACAAAyNmivQAAABEACAAAzjB+6QAAAAEAHAlY4z8JUzmKCVM5gQIETlUB/VB7AfwTPgAAkyUAAgBTTWFjQm9vayBQcm86VXNlcnM6AGFrZWU6AFNjaG9vbDoAVUNMQToAMDEgdGhlc2lzOgB1Y2xhdGhlc2lzOgBwYXBlcnM6AE1lbmdfMjAxMC5wZGYAAA4AHAANAE0AZQBuAGcAXwAyADAAMQAwAC4AcABkAGYADwAYAAsATQBhAGMAQgBvAG8AawAgAFAAcgBvABIAQFVzZXJzL2FrZWUvU2Nob29sL1VDTEEvMDEgdGhlc2lzL3VjbGF0aGVzaXMvcGFwZXJzL01lbmdfMjAxMC5wZGYAEwABLwAAFQACAAv//wAAgAbSGxwdHlokY2xhc3NuYW1lWCRjbGFzc2VzXU5TTXV0YWJsZURhdGGjHR8gVk5TRGF0YVhOU09iamVjdNIbHCIjXE5TRGljdGlvbmFyeaIiIF8QD05TS2V5ZWRBcmNoaXZlctEmJ1Ryb290gAEACAARABoAIwAtADIANwBAAEYATQBVAGAAZwBqAGwAbgBxAHMAdQB3AIQAjgCcAKEAqQJtAm8CdAJ/AogClgKaAqECqgKvArwCvwLRAtQC2QAAAAAAAAIBAAAAAAAAACgAAAAAAAAAAAAAAAAAAALb}}

@inproceedings{bouabdallah2004design,
	Author = {Bouabdallah, Samir and Murrieri, Pierpaolo and Siegwart, Roland},
	Booktitle = {Robotics and Automation, 2004. Proceedings. ICRA'04. 2004 IEEE International Conference on},
	Date-Added = {2013-08-14 01:22:07 +0000},
	Date-Modified = {2013-09-20 02:27:17 +0000},
	Keywords = {quadrotor},
	Organization = {IEEE},
	Pages = {4393--4398},
	Title = {Design and control of an indoor micro quadrotor},
	Volume = {5},
	Year = {2004},
	Bdsk-File-1 = {YnBsaXN0MDDUAQIDBAUGJCVYJHZlcnNpb25YJG9iamVjdHNZJGFyY2hpdmVyVCR0b3ASAAGGoKgHCBMUFRYaIVUkbnVsbNMJCgsMDxJXTlMua2V5c1pOUy5vYmplY3RzViRjbGFzc6INDoACgAOiEBGABIAFgAdccmVsYXRpdmVQYXRoWWFsaWFzRGF0YV8QFEJvdWFiZGFsbGFoXzIwMDQucGRm0hcLGBlXTlMuZGF0YU8RAdwAAAAAAdwAAgAAC01hY0Jvb2sgUHJvAAAAAAAAAAAAAAAAAAAAAMjZQE1IKwAACVjjPxRCb3VhYmRhbGxhaF8yMDA0LnBkZgAAAAAAAAAAAAAAAAAAAAAAAAAAAAAAAAAAAAAAAAAAAAAAAAAAAAAAAAAJWMGCzjAcUwAAAAAAAAAAAAEAAgAACSAAAAAAAAAAAAAAAAAAAAAGcGFwZXJzABAACAAAyNmivQAAABEACAAAzjB+wwAAAAEAHAlY4z8JUzmKCVM5gQIETlUB/VB7AfwTPgAAkyUAAgBaTWFjQm9vayBQcm86VXNlcnM6AGFrZWU6AFNjaG9vbDoAVUNMQToAMDEgdGhlc2lzOgB1Y2xhdGhlc2lzOgBwYXBlcnM6AEJvdWFiZGFsbGFoXzIwMDQucGRmAA4AKgAUAEIAbwB1AGEAYgBkAGEAbABsAGEAaABfADIAMAAwADQALgBwAGQAZgAPABgACwBNAGEAYwBCAG8AbwBrACAAUAByAG8AEgBHVXNlcnMvYWtlZS9TY2hvb2wvVUNMQS8wMSB0aGVzaXMvdWNsYXRoZXNpcy9wYXBlcnMvQm91YWJkYWxsYWhfMjAwNC5wZGYAABMAAS8AABUAAgAL//8AAIAG0hscHR5aJGNsYXNzbmFtZVgkY2xhc3Nlc11OU011dGFibGVEYXRhox0fIFZOU0RhdGFYTlNPYmplY3TSGxwiI1xOU0RpY3Rpb25hcnmiIiBfEA9OU0tleWVkQXJjaGl2ZXLRJidUcm9vdIABAAgAEQAaACMALQAyADcAQABGAE0AVQBgAGcAagBsAG4AcQBzAHUAdwCEAI4ApQCqALICkgKUApkCpAKtArsCvwLGAs8C1ALhAuQC9gL5Av4AAAAAAAACAQAAAAAAAAAoAAAAAAAAAAAAAAAAAAADAA==}}
